2646 4340
196 371 261 436 m
587 365 673 418 ,τιτι
689 365 773 416 ervit
825 429 828 436 ¹
892 419 894 426 ,

202 525 220 552 “
230 514 321 576 cultos
334 512 383 578 ait,
398 521 480 588 atque
493 513 592 570 eorum
605 509 711 574 fiducia
724 508 754 568 iu
768 525 847 585 spem
868 510 947 588 regni
962 511 1156 576 menealne-l

202 604 219 630 ‘⁶
230 613 296 656 nam
310 593 334 652 si
348 605 375 652 et
390 591 418 649 in
433 590 578 649 Romanis
586 600 696 650 tantum
711 590 845 648 momenti
863 609 926 651 esse
939 591 1100 665 credebam,
1115 603 1156 662 ut,

201 681 313 751 “quem
329 671 440 738 vellent,
456 669 634 746 imponerent
658 668 956 746 Macedoniaesegem,
970 681 1002 740 et,
1012 690 1081 728 mere
1095 683 1158 730 tan-

202 759 290 811 “tum
318 750 393 828 apud
419 768 469 808 eos
494 748 591 826 gratita
611 747 800 819 confidebam,
819 749 896 824 ,quid
917 769 988 824 opus
1007 750 1158 826 parricidIo

202 837 219 862 ‘⁴
232 831 308 890 suitt
349 833 407 896 An,
422 839 453 886 ut
465 839 616 888 cruentum
631 825 754 884 fraterna
767 827 846 885 caede
859 827 992 886 diadema
1004 832 1156 905 gerereml
1178 847 1196 908 t

202 920 221 945 ‘⁴
231 924 262 970 ut
275 910 329 968 illis
343 908 420 984 ipsis,
441 907 516 983 apud
534 925 605 982 quoa
617 916 667 964 aut
687 906 753 962 vera
771 917 820 966 aut
833 911 908 966 certe
922 907 1053 982 simulatio
1066 909 1159 984 probi·

202 999 219 1022 “
231 1001 286 1048 tate
300 1000 408 1064 partam
421 985 540 1063 gratiam
555 985 654 1056 habeo,
669 984 691 1042 si
703 1003 787 1060 quarn
801 985 870 1044 lorte
884 987 985 1060 ltnbeo,
999 988 1159 1046 exsecrabi-

202 1076 220 1103 “
231 1069 266 1126 lis
278 1079 307 1125 et
321 1067 427 1124 invisus
440 1065 552 1124 esseml
582 1064 637 1122 nisi
658 1063 696 1122 Τ.
710 1061 864 1136 Quintium
885 1066 988 1134 credis,
1009 1067 1092 1143 cujus
1106 1068 1159 1126 vir·

202 1153 291 1205 “tute
305 1157 334 1204 et
357 1144 482 1208 consiliis
503 1162 548 1202 me
572 1162 650 1202 nunc
660 1143 760 1219 arguis
781 1144 851 1220 regi,
872 1163 957 1220 quum
978 1157 1007 1202 et
1029 1145 1089 1222 ipse
1109 1147 1158 1204 tali

202 1226 333 1302 “pietate
348 1225 421 1282 vivat
433 1241 498 1280 cum
515 1221 608 1297 fratre,
624 1222 699 1278 mihi
719 1222 849 1282 iratern'ra
863 1224 949 1290 cedia
964 1223 1049 1282 luisse
1064 1237 1160 1284 aucto·
1169 1243 1193 1284 tt

202 1310 219 1334 “
230 1325 299 1364 rem.
335 1303 414 1362 Idem
429 1321 485 1362 non
501 1301 696 1360 Romanorum
710 1301 805 1360 solum
818 1302 947 1378 gratiam,
962 1304 1011 1366 sed
1028 1305 1160 1363 Macedo·

202 1387 219 1413 ‘⁸
230 1403 299 1442 num
311 1383 428 1459 judicia,
442 1400 477 1438 ac
490 1399 571 1457 pene
583 1381 711 1438 omnium
736 1379 862 1440 molum
877 1381 1077 1458 bominumque
1090 1401 1159 1442 corr·

201 1465 344 1522 “sensum
358 1460 479 1537 collegit,
494 1476 620 1536 perque
642 1459 739 1534 omnia
762 1479 793 1518 se
816 1459 886 1522 mihi
906 1468 1002 1538 parem
1024 1462 1056 1520 in
1068 1467 1160 1520 certa-

203 1533 309 1600 ·‘mine
333 1560 390 1598 non
414 1540 538 1600 loturum
564 1537 736 1598 crediderit:
770 1538 856 1618 idern,
883 1550 1025 1616 tamquam
1046 1541 1076 1600 in
1096 1542 1160 1600 aliie

202 1621 361 1680 “omnibus
374 1619 463 1679 rebus*
482 1615 721 1688 inteteressem,
742 1617 777 1676 ad
798 1618 917 1676 vsceleris
938 1638 1017 1696 spem
1031 1615 1159 1678 ultimirm
1170 1638 1193 1678 te

203 1699 393 1775 “confugisse
408 1717 453 1780 me
468 1696 620 1754 insimulat.
645 1687 714 1754 'vis
728 1697 802 1754 hanc
817 1696 964 1758 formulam
988 1699 1160 1783 cognitionis

202 1788 219 1814 “
229 1797 302 1849 esse,
316 1789 356 1848 ut,
372 1788 432 1834 utar
446 1775 581 1842 timuerit,
596 1795 632 1833 ne
647 1775 716 1834 alter
730 1775 842 1852 dignior
866 1776 1007 1836 videretur
1021 1798 1120 1855 regno,
1134 1777 1159 1837 is

201 1867 218 1892 ⁴·
230 1856 380 1916 consilium
393 1854 571 1932 opprimendi
585 1854 678 1914 fratris
691 1855 800 1932 cepisse
811 1855 977 1938 judiceturl
1007 1915 1010 1922 ,
1039 1909 1042 1918 ,

240 2013 328 2074 XIII.
350 2020 369 2052 “
381 2013 575 2089 Exsequamur
589 2023 876 2089 tamenquocumque
890 2014 974 2074 modo
988 2015 1103 2074 conficti
1116 2035 1160 2076 or·

202 2095 328 2152 “dinem
351 2093 487 2152 crimmis.
537 2091 668 2150 Pluribus
692 2092 783 2150 modis
802 2112 833 2150 se
854 2093 971 2169 petitum
991 2095 1193 2156 criminatum

202 2179 284 2245 “est,
308 2184 340 2230 et
365 2191 464 2230 omnes
490 2166 656 2230 insidiarum
677 2171 742 2228 vias
756 2171 794 2230 int
814 2191 902 2230 unum
923 2173 1008 2246 ¹diem
1029 2175 1157 2233 contulit.

201 2252 318 2310 “Volui
336 2251 458 2310 interdiu
471 2269 547 2322 eum,
559 2260 620 2326 post
632 2249 835 2322 lustrationem,
849 2271 936 2327 quum
950 2253 1157 2328 concurrimus,

202 2331 394 2406 “etquidem
422 2331 460 2405 (si
482 2329 550 2396 Diis
569 2329 675 2409 placet)
708 2329 905 2396 lustrationum
934 2329 982 2390 die
1002 2333 1158 2392 occidere:

200 2415 220 2447 “
232 2409 316 2478 volui,
337 2428 424 2484 quum
444 2409 481 2466 ad
501 2427 613 2466 coenam
634 2408 759 2478 invitavi,
774 2427 891 2468 ,veneno
910 2411 1021 2470 scilicet
1040 2411 1158 2470 tollere:

201 2493 221 2526 “
232 2489 315 2556 volui,
329 2507 415 2564 quum
435 2487 616 2553 comissatum
638 2487 740 2564 gladiis
760 2488 884 2568 accincti
904 2509 950 2565 me
970 2490 1062 2554 secuti
1082 2501 1193 2564 suntet

202 2573 222 2604 “
234 2567 307 2626 ferro
328 2566 496 2624 interlicere.¹
537 2565 680 2640 Tempora
699 2566 815 2640 quidem
838 2569 932 2643 qualia
952 2570 1010 2628 sint
1022 2569 1058 2626 ad
1072 2571 1159 2646 parri·

201 2645 552 2722 “cidiumelecta,vid'es:
576 2639 1025 2719 lusds,convivii,comissationis.
1054 2649 1159 2711 Quint

202 2725 294 2782 “dies
313 2725 425 2800 qualisl
457 2743 513 2800 quo
539 2723 675 2784 lustratus,
698 2725 850 2799 exercitus,
869 2745 925 2802 quo
947 2727 1019 2802 iuter
1040 2729 1159 2786 divisam

201 2809 221 2840 ‘⁶
233 2804 386 2875 victimam,
408 2803 528 2879 prelatis
551 2803 690 2870 omnium,
714 2804 763 2879 qui
777 2819 901 2880 unquam
914 2805 1008 2880 suere,
1024 2802 1159 2866 Macedo

201 2886 221 2919 “
232 2882 287 2940 nite
301 2901 400 2958 regum
414 2883 498 2940 armis
512 2882 607 2959 regiis,
621 2883 678 2953 duo
691 2883 743 2953 soli
757 2885 806 2941 tu'a
815 2887 946 2961 tegentes,
958 2886 1054 2954 latera,
1069 2900 1157 2963 pater,
1166 2903 1192 2946 a)

201 2965 220 2998 “
231 2961 362 3038 prevecti
377 2980 484 3030 sumus,
498 2972 527 3022 et
540 2973 669 3020 secutum
684 2973 727 3020 est
743 2961 933 3026 Macedonum
948 2975 1060 3042 agmen.
1092 2965 1158 3024 Hoc

200 3043 294 3115 “ego,
308 3040 393 3098 etiam
408 3039 431 3098 si
454 3040 521 3115 quid
542 3040 609 3100 ante
631 3041 810 3112 admisissem,
828 3042 940 3118 piaculo
961 3043 1090 3122 dignum,
1102 3045 1159 3103 lus·

200 3121 320 3176 “tratus
342 3130 371 3176 et
391 3119 518 3196 expiatus
539 3139 629 3196 sacro,
650 3131 709 3194 tum
733 3140 821 3196 quum
842 3121 964 3184 maxime
986 3124 1016 3183 in
1037 3123 1158 3203 bostiam

201 3195 325 3254 “itineri
343 3209 438 3256 nostro
459 3198 663 3257 circumdatam
678 3199 801 3268 intuens,
822 3195 1013 3276 parricidium,
1035 3205 1156 3276 venena,

201 3277 221 3311 ‘⁶
231 3273 349 3350 gladios,
371 3277 400 3334 in
422 3277 648 3336 comissationem
664 3290 847 3355 praeparatos,
867 3281 1025 3340 volutabam
1045 3282 1075 3339 in
1096 3283 1191 3356 adiret

117 3417 122 3424 .
201 3357 221 3390 “
232 3371 294 3410 mo:
316 3365 347 3411 ut
359 3355 462 3430 quibos
475 3356 538 3426 aliia
551 3357 655 3416 deinde
668 3357 757 3418 sacris
770 3359 990 3420 contaminatam
1003 3359 1081 3418 omni
1095 3381 1158 3422 sce·

201 3435 221 3468 “
230 3432 291 3493 lere
304 3445 429 3492 mentem
442 3436 607 3511 expiareml
621 3454 623 3462 ’
641 3437 699 3496 Sed
719 3451 815 3496 caecu's
832 3438 1003 3498 criminandi
1017 3439 1157 3518 cupidita·

201 3513 259 3568 “te
280 3510 399 3582 animus,
423 3513 493 3572 durn
512 3515 612 3581 omnia
629 3527 762 3590 suspecta
781 3517 895 3576 efficere
916 3517 982 3590 vult,
1003 3518 1080 3576 aliud
1101 3520 1157 3580 alio

201 3587 399 3648 “conflandit:
427 3609 503 3664 narn,
518 3593 542 3652 ei
555 3609 665 3666 veneno
684 3606 712 3652 te
732 3595 805 3652 inter
826 3603 937 3654 omnam
957 3595 1055 3662 tollere
1069 3599 1154 3668 volui,

202 3672 222 3704 “
232 3669 299 3744 quid
314 3667 406 3728 mimis
420 3671 515 3746 aptum
530 3671 591 3744 suit,
611 3671 696 3746 qudm
717 3672 856 3748 pertinaci
870 3676 1025 3746 certamine
1039 3689 1068 3736 et
1087 3695 1191 3738 con-tt

201 3749 315 3806 “cursu
330 3749 430 3808 iratum
444 3749 609 3830 teefficere,
624 3750 767 3810 utmeritd
792 3751 997 3837 (sicutlecisti)
1021 3757 1155 3819 invitatus

201 3825 268 3884 “ad
288 3846 401 3888 coenam
421 3829 559 3888 abnueres
573 3831 607 3902 l„
638 3828 740 3892 Quum
767 3843 862 3893 autem
887 3834 980 3906 iratus
1008 3839 1152 3916 negasses,
