2646 4340
482 329 843 389 transmutans
995 371 999 380 ,
1056 331 1123 396 ,m

172 476 286 556 “prope
300 490 335 538 ac
349 477 524 536 moenibus
502 493 585 554 signa
598 495 731 552 armaque
751 477 873 536 bostium
887 475 1003 548 vidistis,
1027 487 1057 536 et
1069 493 1122 536 noa

169 558 240 616 “ab
247 558 429 635 Cartbagine
450 557 590 616 fremitum
615 569 769 614 castrorum
791 557 986 616 Rornanorum
1006 554 1129 622 enaddi·

167 645 270 694 “mus
310 637 399 699 Quod
420 637 504 727 igitur
519 655 570 693 noa
590 636 712 696 maxime
727 635 967 707 abominaremur,
989 654 1037 694 vos
1057 647 1122 704 anta

167 716 295 782 “omnia
308 717 450 808 optaretis,
470 715 499 772 in
515 715 628 772 meliore
643 715 735 778 vestri
749 713 860 772 fortuni
869 713 925 783 de
924 733 994 790 pace
1008 715 1122 792 agitur:

147 805 190 850 ι“
192 795 310 872 agimus
323 796 353 866 ii,
366 815 483 871 quorum
498 805 526 852 et
540 793 662 852 maxime
687 794 804 862 interest
827 812 928 869 pacem
941 813 1013 862 esse,
1027 805 1056 854 et
1075 795 1123 870 qui

169 875 396 950 “quodcumque
421 874 572 950 egerimus,
596 885 687 930 ratum
714 873 842 931 civitates
866 884 967 931 nostra
988 873 1123 932 habiture

169 963 189 990 ‘¹
199 955 264 1011 sint.
306 955 413 1012 Aniino
425 953 532 1012 tannim
547 951 629 1010 nobis
641 971 712 1028 opus
725 963 769 1009 est
782 971 838 1010 non
853 945 1021 1011 abhorrente
1034 971 1051 1010 a
1057 951 1124 1029 qui·

169 1034 252 1090 “etis
273 1033 408 1090 consiliis.
462 1032 551 1094 Quod
566 1032 602 1088 ad
616 1051 662 1088 me
676 1031 785 1099 attinet,
804 1031 862 1108 jani
886 1042 954 1089 retas
975 1051 1072 1108 seqem
1094 1032 1123 1090 in

169 1112 315 1188 “patriam
342 1123 539 1179 revertentem,
561 1111 637 1178 unde
656 1129 726 1187 puer
742 1111 889 1187 profectus
909 1107 980 1182 suin,
1002 1112 1073 1194 jam
1081 1129 1124 1170 se-

135 1192 333 1258 ro“'.,'cundae
323 1187 518 1268 Jarnadversae
538 1209 592 1262 res,
613 1190 652 1247 ita
672 1190 846 1263 erudierunt,
870 1199 902 1247 ut
924 1191 1062 1254 rationem
1083 1209 1151 1265 se,

569 1289 585 1325 a
1030 1289 1046 1325 a

120 1327 124 1334 ·
169 1271 567 1435 qttptttt‘tttttet
586 1266 1124 1446 itini?“tttsstttttttt

169 1438 268 1504 “opus
288 1442 336 1492 est
358 1426 492 1499 consiliis,
515 1439 618 1486 metuo.
658 1427 726 1494 Non
749 1429 855 1486 temere
876 1427 986 1486 incerta
1005 1445 1123 1487 casuum

169 1517 188 1546 ⁸‘
199 1520 318 1583 reputat,
341 1527 425 1584 quern
447 1509 556 1565 fortuna
578 1525 722 1582 nunquam
737 1507 857 1582 decepit.
897 1507 986 1568 Quod
1009 1525 1064 1584 ego
1083 1507 1124 1564 sni

136 1588 233 1644 ιι“ιιι
255 1582 468 1654 Trasimenum,
495 1587 530 1644 ad
552 1587 678 1659 Cannas,
700 1587 729 1644 id
749 1593 780 1644 tu
801 1587 884 1644 bodie
904 1605 944 1646 es.
999 1585 1124 1678 Vixdum

169 1666 310 1729 “militari
325 1678 407 1726 aetate
421 1667 538 1744 imperio
557 1677 685 1742 accepto,
706 1667 813 1740 omnia
823 1665 1032 1724 audacissime'
1026 1665 1125 1742 incipi·

169 1755 291 1804 “entem
316 1765 454 1821 nusquam
477 1743 574 1808 sussilit
595 1745 714 1804 fortuna.
757 1744 848 1810 Patris
870 1757 899 1802 et
922 1744 1013 1821 patrui
1032 1763 1125 1821 perse-

170 1833 280 1882 “cutus
295 1837 422 1898 mortem,
439 1825 475 1881 ab
488 1825 648 1906 calamitate
663 1825 761 1881 vestra
785 1823 888 1882 donatis
909 1824 1019 1884 decus'
1011 1826 1124 1902 insigne

171 1905 309 1962 “virtutis
322 1904 488 1980 pietatisque
501 1901 613 1960 eximiae
627 1903 746 1978 cepisti:
772 1903 892 1960 amissas
916 1903 1070 1979 Hispanias
1083 1923 1126 1961 re·

84 1985 89 1997 ²
134 1984 353 2060 w‘cupenisti,
374 1995 492 2058 quatuor
513 1981 580 2039 inde
601 1981 718 2046 Punicis
737 1981 1029 2058 exercitibuspulsis:
1057 1999 1125 2040 con-

171 2063 249 2126 “sul
255 2073 375 2134 creatus,
389 2081 475 2148 quum
489 2061 600 2120 ceteris
614 2061 649 2117 ad
664 2061 810 2118 tutandam
825 2059 937 2118 italiam
951 2079 1051 2136 parurn
1066 2061 1125 2120 ani·

170 2146 189 2178 “
199 2141 237 2200 mi
251 2141 332 2212 esset,
347 2153 537 2218 transgressus
551 2140 580 2197 in
605 2140 743 2231 Africam,
767 2140 878 2197 duobus
893 2141 939 2201 hic
952 2141 1124 2198 exercitibus

172 2221 289 2290 “casis,
305 2189 378 2279 binis
392 2221 492 2278 eidem
508 2221 591 2276 hori
598 2219 688 2296 captis
711 2219 818 2276 simul'
811 2220 991 2294 incensisque
1012 2220 1121 2287 castris,

170 2293 329 2378 “Syphace
349 2300 542 2391 pdteptissimo
562 2317 629 2375 rege
649 2309 741 2375 capto,
762 2297 803 2356 iot
816 2299 932 2356 urbibus
951 2299 1032 2376 regni
1053 2299 1123 2376 ejus,

135 2393 161 2434 ιι
172 2388 191 2416 “
200 2389 240 2437 tot
253 2379 341 2438 nostri
355 2379 464 2470 imperii
478 2378 590 2454 ereptis,
609 2385 655 2435 rn'e
679 2377 955 2436 sextumdecimum
945 2397 1003 2470 ιιιιιι
1018 2397 1123 2436 annum

170 2459 367 2517 '‘baerentem
360 2477 389 2515 ιιι
397 2457 829 2534 possessioneltalraedetraarstr
864 2457 993 2516 Potest
970 2471 1124 2528 victoriam

170 2537 322 2614 “inquam,
338 2537 428 2608 malle,
442 2537 525 2612 quim
539 2555 649 2614 pacem,
664 2536 785 2596 animus.
815 2537 891 2595 Novi
904 2533 1019 2612 spiritus
1031 2537 1123 2613 magis

171 2625 190 2652 ‘⁶
182 2627 325 2694 ‘magnos
339 2615 423 2693 quim
438 2616 539 2674 utiles:
573 2627 602 2674 et
616 2617 685 2673 mibi
699 2616 762 2674 talis
776 2616 934 2692 aliquando.
950 2615 1063 2674 fortuna
1083 2615 1124 2673 af-

171 2695 285 2753 ‘tsulsit
324 2695 446 2758 Quod'
424 2715 447 2754 ιιι
462 2696 491 2752 in
506 2696 745 2752 secundisrebus
759 2695 862 2756 bonam
875 2712 985 2770 quoque
999 2706 1123 2752 mentem

135 2783 190 2829 ³⁰⁸⁴
200 2774 299 2832 darent
312 2774 380 2844 Dii3
414 2793 470 2832 non
485 2773 519 2832 ea
532 2774 712 2848 solumque
725 2775 894 2846 evenissent,
916 2774 966 2830 red
980 2774 1065 2836 etiarn
1079 2793 1123 2842 ea,
1195 2804 1196 2813 ι

165 2861 262 2927 '“qute
276 2853 388 2911 evenire
401 2853 524 2929 possent,
538 2859 752 2929 reputaremus·
781 2854 819 2912 Ut
831 2853 958 2924 omnium
978 2853 1125 2911 oblivisca-

172 2932 239 2988 “ris
265 2932 479 3004 aliorum,'satis
499 2951 553 3008 ego
572 2932 735 2990 documenti
763 2933 793 2991 in
821 2951 921 2990 omnes
947 2938 1032 2990 basus
1052 2951 1123 2990 surn.

172 3009 298 3072 “Quem
313 3009 405 3080 modd,
420 3012 518 3070 castris
532 3011 605 3069 inter
619 3011 762 3070 Anienem
786 3023 870 3088 atque
891 3012 990 3069 urbem
1003 3017 1123 3072 vestiam

172 3101 191 3128 ‘²
200 3089 307 3166 positis,
321 3089 402 3166 signa
415 3091 583 3148 inserentem
604 3091 640 3147 ad
654 3091 759 3149 moenia
771 3091 923 3160 Romana3
958 3089 1006 3149 hio
1019 3093 1123 3166 cernis,

137 3169 310 3226 nuduobus
332 3169 488 3227 fortissimis
509 3169 747 3243 viris,‚statribus,
771 3169 934 3228 clarissimis
950 3169 1123 3247 imperatori·

173 3249 262 3322 “bus,
283 3247 420 3319 orbatum,
445 3257 510 3306 ante
531 3248 636 3306 moenia
656 3249 740 3325 prope
753 3249 875 3307 obsessa
895 3247 1001 3326 patriis,
1021 3252 1123 3328 quibus

173 3339 192 3368 ἰ
201 3329 286 3386 terrui
301 3337 419 3384 vestram
430 3328 539 3399 urbem,
554 3345 589 3384 aa
601 3347 651 3402 pro
664 3329 736 3385 med
742 3329 950 3405 deprecantem.
992 3331 1123 3388 Maxima

173 3409 303 3484 “cuique
318 3407 436 3466 fortune
451 3406 571 3464 minime
587 3407 761 3464 credendum
775 3418 827 3465 est.
868 3407 903 3466 Iu
917 3409 998 3468 benis
1011 3411 1067 3468 tuis
1081 3427 1123 3465 re·

173 3485 263 3553 “bus,
277 3487 379 3546 nostris
392 3485 494 3559 dubiis,
515 3475 565 3544 tibi
579 3485 672 3562 ampla
691 3505 725 3544 ac
734 3487 866 3568 speciosa
885 3481 963 3548 danti
984 3499 1028 3547 est
1047 3505 1121 3563 pax:

140 3574 165 3620 ιι
175 3575 194 3603 “
203 3566 283 3623 nobis
300 3566 460 3644 petentibus
471 3565 560 3657 magis
573 3561 743 3635 necessaria,
755 3565 838 3644 quim
852 3568 978 3627 honesta.
1018 3565 1122 3624 Melior

174 3643 340 3720 “tutiorque
360 3656 403 3704 est
426 3656 504 3704 certa
519 3641 584 3722 pax,
604 3645 689 3722 quim
713 3657 824 3723 sperata
843 3648 977 3706 victoria·
1005 3645 1098 3702 brec
1090 3660 1121 3703 ιιι

178 3725 263 3794 “tut,
284 3723 359 3782 ilia
352 3745 381 3782 ιιι
395 3724 520 3799 Deorpm
533 3742 619 3782 manu
640 3737 691 3784 esa
732 3725 779 3784 Ne
793 3737 833 3785 tot
853 3741 991 3785 annorum
1005 3723 1121 3782 felicita·

175 3811 259 3861 “tem
273 3801 302 3862 in
316 3803 400 3864 unius
413 3804 613 3891 iporadederis
633 3805 795 3888 discrimen.
834 3806 935 3868 Quum
954 3814 1018 3874 tuas
1037 3803 1123 3878 ines,
