2642 4338
29 3881 35 3961 l

456 319 559 374 LIBER
575 321 605 374 V.
632 337 799 380 cur-mm·
1060 325 1117 386 115

159 459 220 539 ejus,
240 465 440 524 verecundiam
472 487 529 526 non
544 469 620 554 ptulit
639 479 764 542 senatus,
785 467 852 544 quin
873 467 935 526 'elne
957 466 1035 526 morl
1057 470 1113 528 voti

159 539 340 600 libereretur:
372 541 819 626 crateramquenure‘emdonum
843 547 968 624 Apollini
990 547 1115 624 Delphos

157 619 244 697 legati
257 622 305 698 qui
321 623 434 698 ferrent,
456 625 488 682 L.
502 623 640 704 Valerius}
656 626 695 690 lt:
705 627 830 703 Sergius,
845 628 881 684 A.
899 625 1034 698 Manlius,
1050 629 1115 686 mis·

157 700 182 755 si
196 701 280 776 longit
294 706 350 760 und
365 722 445 778 neve,
466 705 540 762 lutud
554 705 652 782 procul
673 705 743 764 freto
765 706 862 764 Siculo
882 725 900 764 u
920 705 1017 782 piratis
1030 705 1114 782 Lipe·

136 780 284 837 srensium
306 783 427 860 excepti,
450 784 631 842 devehuntur
648 783 774 861 Liparas
806 785 881 844 'Mos
901 796 961 846 eret
980 785 1112 858 ciuitatis,

157 858 235 916 velut
261 859 375 935 publico
400 862 547 920 latrocinio
567 863 674 940 puttoni
687 864 819 940 'praednrp
846 864 980 927 dividere.
1029 863 1113 938 Forte

156 955 193 993 eo
226 957 302 996 enno
335 940 363 997 in
387 935 507 1000 'summo
541 935 721 1022 megistiutuf
737 953 798 1016 eret
831 942 1024 1002 Timasitheus
1054 944 1114 1020 qui·

157 1016 234 1090 dam,
266 1017 404 1077 R'omuuis
432 1021 472 1078 vir
502 1021 618 1085 similior
644 1021 729 1099 qudm
756 1022 836 1092 suis;
869 1022 927 1098 qui,
957 1022 1112 1099 legatorum

157 1115 274 1170 nomen,
307 1097 479 1176 donumque,
512 1110 540 1158 et
574 1101 676 1172 Deum,
710 1103 758 1162 cui
787 1101 951 1169 mitteretur,
986 1113 1015 1160 et
1044 1103 1111 1178 doni

124 1189 283 1248 recensum,
312 1178 416 1255 veritus
443 1177 512 1253 ipse,
539 1180 747 1238 multitudinem
774 1199 884 1258 quoque
907 1177 982 1256 (quus
1003 1200 1113 1260 semper

157 1254 246 1316 serius
260 1257 369 1332 regenti
390 1267 434 1314 est
447 1256 559 1337 similis)
581 1260 725 1336 religionis
736 1259 818 1337 justae
837 1259 979 1335 implevit:
1007 1261 1113 1318 adduc-

156 1345 255 1408 tosque
270 1334 298 1392 in
313 1331 458 1410 public‘um
480 1337 629 1412 hospitium
654 1339 771 1415 legatos,
792 1357 858 1396 cum
881 1338 1011 1414 praesidio
1024 1339 1111 1397 etiarn

156 1413 270 1470 navium
285 1413 411 1490 Delphos
424 1427 596 1491 prosecutus,
616 1417 739 1476 Romam
761 1419 827 1476 inde
849 1417 967 1494 sospites
980 1418 1111 1476 restituit.

156 1491 320 1567 Hospitium
341 1512 408 1551 curn
428 1513 463 1553 eo
488 1495 746 1556 senatus-consulto
773 1508 822 1565 est·
843 1497 961 1565 suetum,
982 1498 1112 1574 doneque

114 1571 269 1646 Ιιιριιιιιιοιέ
284 1573 358 1630 date.
395 1579 398 1584 “
399 1613 524 1632 .....
628 1616 643 1666 5

27 1781 28 1790 ,
132 1740 147 1772 ·“
195 1729 329 1788 XXXII.
371 1773 378 1788 .
400 1775 407 1790 .
429 1774 435 1789 .
457 1773 465 1790 .
487 1775 494 1790 .
517 1733 557 1791 Μ.
572 1733 715 1793 Caedieius
728 1736 764 1794 de
774 1733 856 1812 plebe
870 1735 1010 1794 nuntiavit
1023 1737 1110 1796 tribu·

122 1775 141 1872 ξ
156 1808 210 1878 uis,
224 1828 256 1867 se
270 1810 299 1867 iu
313 1811 387 1868 novt
401 1812 454 1880 vid,
469 1813 517 1870 ubi
532 1833 609 1870 nuuc
623 1815 756 1882 sacellum
772 1827 823 1886 est,
837 1835 922 1891 supro
935 1817 1025 1874 aedem
1040 1817 1112 1874 Ves·
1145 1846 1154 1866 ι

27 1903 28 1910 ’
128 1879 202 1962 ite,
213 1907 333 1946 nocem*
345 1892 436 1948 noctis
459 1891 571 1949 silentio
591 1881 702 1953 dudisse
714 1894 870 1952 ‘clariorem
892 1895 1024 1966 humenti,
1048 1914 1110 1984 quae

27 1987 28 2038 ι
134 1968 366 2044 magistratibus
392 1970 451 2028 dici
474 1965 595 2046 juberet,
621 1971 718 2030 Gallos
741 1974 901 2032 adventare.
943 1973 976 2030 Id
999 1971 1044 2049 (ut
1064 1973 1108 2051 fit)

27 2091 28 2110 ,
122 2030 268 2130 {propter
292 2040 415 2106 auctdris
443 2048 628 2107 humilitatem
650 2063 781 2126 spretum,
804 2048 928 2132 etqudd
947 2052 1110 2128 longinquo,

127 2118 245 2221 gedque
260 2126 391 2203 ignotior,
412 2147 483 2205 gens
504 2127 573 2186 ere't.
614 2129 717 2204 Neque
744 2129 868 2192 Deorum
890 2129 973 2190 rnodd
994 2133 1110 2204 monita,

27 2201 28 2235 ι
121 2206 315 2283 Ηιιιςιιιιιιιῑιι·
328 2206 393 2279 fato,
415 2218 528 2284 spretu;
559 2209 609 2270 sed
629 2206 785 2268 'humanam
807 2229 916 2286 quoque
934 2229 1025 2286 opem,
1047 2230 1109 2286 quae

154 2293 213 2342 trus
227 2297 296 2356 eret,
311 2284 352 2343 M.
367 2286 487 2344 Furium
500 2288 536 2345 eb
549 2287 626 2346 Urbe
649 2287 795 2346 amovere:
828 2289 885 2364 qui,
908 2289 955 2348 die
976 2290 1054 2348 dictd
1074 2290 1109 2348 ub

154 2364 188 2422 L.
205 2365 346 2442 Appulejo
366 2367 479 2425 tribuno
500 2367 596 2446 plebis
616 2379 727 2444 propter
757 2368 878 2444 predum
909 2367 1109 2446 Vejentuuem,

28 2423 30 2456 ’
120 2444 214 2502 ostilio
233 2463 343 2519 quoque
364 2445 544 2506 adolescente
558 2465 607 2522 per
636 2447 711 2506 idem
735 2462 844 2523 tempus
864 2447 992 2521 orbatus,
1012 2467 1110 2524 quum,

154 2524 256 2582 accitis
276 2524 390 2582 domum
406 2524 554 2584 tribulibus
572 2526 778 2602 clientibusque
800 2525 917 2603 (magne
937 2546 1000 2602 pers
1020 2527 1110 2603 plebis

154 2604 241 2682 erut),
252 2605 552 2679 percontatusunImos
563 2623 670 2677 eorum,
682 2623 847 2681 responsum
855 2605 973 2676 tulisset,
987 2617 1005 2642 “
1015 2626 1045 2662 se
1055 2605 1111 2662 col·

155 2691 174 2718 ‘⁶
183 2682 298 2755 laturos,
312 2683 408 2757 quenti
423 2681 573 2742 damn‘stus
586 2697 669 2754 esset,
683 2684 827 2748 absolvere
841 2703 906 2741 eum
926 2703 983 2742 uon
998 2685 1109 2760 posse‚’'

154 2761 184 2818 in
199 2761 331 2818 exsilium
345 2761 432 2831 ubiit;
461 2763 591 2838 precatus
602 2793 604 2796 ·
615 2761 650 2819 eb
659 2773 663 2830 j
673 2763 736 2820 Diis
760 2761 970 2834 immortalibus,
992 2774 1011 2800 ‘⁸
1023 2763 1046 2832 si
1068 2763 1110 2818 in·

122 2853 146 2894 tu
155 2851 174 2876 “
183 2840 269 2913 nortio
282 2840 335 2898 sibi
348 2860 383 2898 eu
398 2841 601 2918 imminueret,
616 2841 705 2916 primo
728 2860 838 2948 qupque
859 2853 983 2917 tempore
997 2841 1109 2898 deside·

155 2920 257 2977 “rium
277 2919 322 2977 sui
342 2919 448 2978 civitati
473 2919 589 2996 ingretae
612 2920 755 2978 lacerent!
810 2920 923 2978 Absens
943 2920 1107 2996 quindecim

154 2997 279 3057 millibus
292 2998 384 3076 gravis
399 2999 461 3057 eris
474 3000 640 3065 damnatur,
656 3043 658 3047 -
742 3066 746 3074 s
811 3039 813 3046 ,

139 3144 146 3160 ⁸
194 3156 343 3216 XXXIII.
377 3151 503 3233 Expulso
525 3157 596 3229 cive,
617 3177 675 3233 quo.
689 3169 833 3230 manente,
847 3157 870 3215 si
883 3157 1034 3237 quidquam
1056 3159 1108 3230 hu·

154 3257 301 3294 munorum
316 3236 385 3294 certi
408 3250 461 3309 est,
483 3238 546 3312 cepi
570 3237 665 3294 Roma
682 3257 739 3295 non
760 3249 905 3312 potuerut;
938 3239 1108 3298 adventante

122 3315 231 3374 ussetuli
253 3316 315 3385 urbi
329 3315 420 3386 clade,
434 3316 519 3391 legati
533 3316 569 3376 eb
582 3316 708 3385 Clusinis
722 3316 847 3388 veniunt,
863 3316 996 3376 auxilium
1011 3319 1108 3376 aduer-

155 3415 202 3454 sus
215 3395 312 3454 Gallos
325 3403 461 3470 petentes.
503 3393 574 3452 Eum
587 3405 701 3470 gentem
725 3395 843 3453 truditur
857 3396 940 3469 semel,
955 3397 1107 3455 dulcedine

155 3473 276 3551 frugum,
290 3473 468 3548 maximeque
482 3474 539 3532 vini
553 3476 624 3532 nord
638 3486 696 3531 tum
714 3474 862 3552 voluptate,
877 3488 995 3552 ceptam,
1019 3475 1107 3548 Alpes

155 3555 296 3623 transisse,
311 3571 447 3629 agrosque
468 3554 504 3611 ub
525 3554 652 3612 Etruscis
673 3551 738 3612 ente
760 3553 849 3613 cultos
870 3556 1045 3632 possedisse3
1078 3565 1107 3610 et

157 3633 295 3692 invexisse
309 3633 338 3689 in
354 3632 474 3691 Gallium
490 3634 586 3706 pinum
601 3633 750 3690 illiciendis
764 3635 857 3710 gentis
868 3637 953 3692 causi
965 3633 1106 3688 Aruntem

123 3711 315 3782 toClusiuum,
340 3711 384 3768 iri*
400 3725 537 3788 qorruptae
560 3713 653 3770 uxoris
666 3713 703 3770 eb
723 3713 900 3784 Lucumone,
920 3711 967 3769 cui
986 3720 1061 3767 tutor
1082 3710 1107 3768 is

156 3787 247 3852 iuerat
268 3791 335 3868 ipse,
356 3803 528 3868 praepotente
538 3793 650 3870 juvene,
671 3793 700 3850 et
720 3811 737 3850 a
756 3812 810 3868 quo
830 3792 923 3868 expeti
937 3807 1036 3866 poeuae,
1050 3788 1106 3846 uisi

1203 3209 1210 3238 ι
