2646 4340
181 341 247 408 ’Μ
528 361 529 368 “
578 347 745 401 narum

187 491 208 528 l‘
219 489 355 552 crevistis.
396 490 441 552 Ed
455 511 544 569 usqne
557 511 606 552 me
618 493 711 552 rivere
724 491 817 566 vultis,
831 493 933 564 donee,
957 487 1070 554 alterius
1084 511 1146 554 res·

187 571 207 608 ‘⁴
219 571 295 630 trtim
310 584 461 650 superstes,
476 573 550 630 lraud
565 573 729 658 ambiguum
742 589 837 649 regem
852 571 970 632 alterum
980 577 1039 630 mei
1055 569 1144 634 morte

187 652 207 686 “
219 649 331 709 laoism.
372 651 437 710 Nec
451 652 564 710 fratrem
580 669 634 710 nec
649 651 756 728 patrem
778 653 893 728 potestis
905 652 982 728 peti:
1013 653 1082 714 uiuit
1096 673 1144 711 ca·

187 732 206 766 ⁴¹
218 729 251 798 ri,
266 727 336 788 nihil
350 731 441 790 sancti
454 741 517 789 estc
547 731 575 790 in
589 733 717 814 omnium
743 731 837 789 vicem·
850 731 937 808 'regni
951 731 1038 804 nnius¹
1048 732 1145 792 insati-

187 807 301 883 “abilis
325 829 401 871 amor
427 809 573 870 successit.
601 809 711 887 'Agite
735 809 929 869 conscelerate
951 811 1033 870 arlres
1053 809 1179 888 pater-,⁶

187 893 206 926 ‘⁴
217 905 288 946 nas:
318 890 464 948 decernite
481 889 661 962 criminibnq
685 909 751 950 mos
773 889 845 948 ferro
858 889 1022 948 decreturi:
1056 891 1144 956 dicite

186 967 318 1042 “palim,
342 969 478 1045 quidquid
499 980 548 1050 aut
570 969 628 1026 veri
649 969 845 1045 potestisant
866 969 1044 1042 comminisci
1065 971 1144 1030 libet.

187 1053 206 1086 “
218 1045 366 1108 Reserate
379 1067 462 1106 aures
475 1060 551 1119 sunt,
571 1067 636 1124 qnae,
649 1049 766 1124 posthae
789 1049 906 1110 warena
926 1049 1094 1124 alterinsnb
1107 1051 1146 1108 cl·'

187 1133 277 1184 “tero
306 1128 474 1188 criminibus
500 1127 695 1186 claudentur.'²
748 1127 829 1199 flea,
855 1128 952 1186 sursus
978 1129 1028 1196 iri,
1057 1149 1144 1206 quum

187 1203 314 1294 dixisset,
329 1207 460 1284 lacrymae
476 1206 609 1286 omnibus
631 1207 736 1266 oborta
744 1225 757 1284 ,3
791 1218 820 1266 et
839 1207 889 1265 dio
909 1209 1179 1270 messenides-1⁰

186 1291 257 1340 trum
272 1287 371 1344 tenuit.
423 1323 426 1336 ·

226 1441 280 1502 IX.
314 1445 391 1504 Tum
416 1446 556 1505 Perseus:
584 1397 780 1523 “Aperienda
800 1447 934 1508 nimirum
955 1407 1038 1506 nocte
1056 1446 1167 1524 janua,

186 1521 280 1595 “luit,
308 1537 338 1583 et
358 1526 457 1584 armati
485 1523 682 1588 comissatores
709 1525 880 1602 accipiendi,
899 1527 1144 1604 <praebendumque

185 1599 289 1660 “seno
312 1605 460 1682 jugulum
480 1603 594 1680 qnando
622 1624 679 1683 non
708 1603 840 1674 ereditur,
868 1602 1143 1682 nisi‘perperrnurn,

186 1681 206 1716 “
218 1681 348 1754 facinus;
368 1696 398 1741 et
412 1679 511 1741 eadem
526 1684 630 1760 petitus
643 1683 753 1744 insidiis
775 1685 869 1751 audio,
889 1703 953 1758 quar
976 1685 1049 1743 latro
1060 1697 1143 1761 atque
1154 1698 1179 1738 rs

119 1803 122 1816 r
175 1761 205 1836 .“
217 1760 370 1837 insidiator.
412 1763 479 1821 Non
494 1764 684 1840 nequidquam
698 1763 743 1821 isti
759 1775 847 1822 unuln
861 1764 1039 1826 ,Demetrium
1056 1765 1144 1823 lilium

184 1841 243 1897 “te
265 1842 378 1914 hahere,
399 1861 446 1900 me
466 1843 609 1903 subditum
637 1855 671 1901 et·
693 1843 795 1920 pellice
823 1844 951 1920 genitum
975 1845 1143 1922 rrppellentp

185 1921 328 1990 “nam-si
342 1923 472 1999 gradum,
493 1923 516 1980 si
537 1924 683 1980 caritatem
698 1923 753 1980 .filil
779 1923 852 1999 apud
867 1935 896 1980 te
918 1913 1061 1993 haberem,
1085 1943 1144 1982 nou

183 1999 305 2059 “inme
325 1997 491 2078 querentem
512 2002 704 2078 deprehensas
727 2001 853 2069 insidias,
874 2002 924 2059 sed
947 2003 1069 2074 ineam
1095 2003 1159 2079 qui'

183 2083 203 2118 ‘l
215 2079 338 2146 fecisset,
353 2081 484 2139 serires:
507 2101 561 2142 neo
575 2079 646 2139 sileri
660 2081 709 2139 tibi
725 2082 786 2139 vilis
808 2080 864 2152 rita
887 2080 962 2139 esset
975 2093 1089 2150 nostra,
1112 2093 1179 2141 utst

183 2162 203 2197 ‘⁴
215 2178 269 2218 nec
282 2162 423 2236 preterito
435 2157 639 2237 periculossmeo
652 2162 812 2227 morereris,
836 2173 928 2236 neque
948 2161 1049 2232 futuro,
1065 2162 1088 2224 ai
1103 2163 1145 2220 in-

183 2239 384 2297 “sidiantibus
397 2241 433 2298 sit
454 2227 577 2316 impiand.
619 2240 728 2316 ltaque,
750 2241 773 2298 si
794 2241 864 2298 mori
885 2241 1004 2298 tacitum
1024 2253 1143 2317 oportet,

182 2324 203 2356 “
214 2327 369 2391 taceamus,
391 2321 501 2394 precati·
518 2322 626 2378 tantdm
649 2319 734 2387 Deos,
756 2320 789 2378 ut
807 2339 824 2377 a
844 2337 890 2376 me
911 2333 1035 2396 coeptum
1050 2322 1145 2378 soelris

182 2402 202 2437 ⁴⁴
214 2395 243 2454 in
258 2415 303 2454 me
319 2398 403 2454 linem
419 2399 530 2466 lrabeat,
555 2417 612 2470 neq
632 2419 790 2479 perrosum
805 2399 877 2460 latus
891 2411 921 2478 tn
935 2400 1048 2476 peteris.
1091 2400 1158 2456 Sin'
1177 2475 1180 2482 Δ

183 2481 203 2516 “
214 2487 307 2534 autern
324 2477 410 2552 (qnod
421 2478 627 2555 ‚circumventis
642 2479 669 2534 in
684 2477 836 2542 solitudine
861 2491 963 2552 natura
984 2477 1045 2556 ipsa
1058 2477 1180 2558 sublime

183 2555 263 2628 “cit,
291 2567 321 2614 nt
348 2557 503 2628 hominum,
528 2575 599 2632 quos
626 2569 770 2632 nunquam
796 2557 925 2628 viderint,
947 2557 1032 2619 fidem
1048 2569 1148 2617 tamen-

184 2634 376 2716 ‘iimplorent)
401 2637 469 2694 milri
489 2655 610 2712 qnoque,
632 2635 735 2693 serrum
758 2636 786 2694 in
808 2655 854 2694 me
875 2637 1003 2695 strictum
1025 2657 1145 2708 cernen-

183 2722 203 2757 “
213 2714 244 2782 ti,
259 2735 356 2774 vocem
372 2716 482 2774 mittere
496 2715 601 2794 liceat,
622 2731 671 2792 per
685 2727 722 2786 te,
743 2716 920 2792 patqiumque
933 2733 1049 2790 nomen,
1069 2718 1144 2794 quod

184 2803 204 2842 ⁴⁴
215 2795 270 2852 utri
292 2795 418 2852 nostrirm
433 2796 559 2854 sanctius
572 2795 618 2867 sit,
636 2795 694 2872 jam
716 2796 831 2871 pridem
846 2796 950 2868 sentis,
967 2796 1010 2854 lta·
1027 2807 1073 2854 me
1095 2817 1144 2855 au·

183 2883 203 2920 ⁴⁶
214 2873 284 2942 dias,
299 2893 408 2950 macor,
423 2887 564 2950 tamqnam
579 2875 613 2942 si,
629 2887 698 2932 rose
718 2886 753 2940 et,
767 2875 987 2950 comploratione
1001 2875 1179 2956 noqtu'rnisao

183 2961 202 2997 u
213 2954 333 3026 excitus,
349 2955 416 3011 milri
431 2954 573 3030 quiritanti
596 2954 806 3023 intercessisses,
828 2953 1006 3013 Demetrium
1020 2965 1086 3014 cnm
1101 2975 1145 3014 ar·

183 3040 203 3076 «ὅ
215 3032 297 3090 matis
312 3044 395 3091 nocte
419 3033 588 3109 intempeste
609 3033 638 3090 in
660 3033 798 3092 vestibulo
812 3051 878 3090 meo
897 3025 1143 3112 deprehendisses.

183 3109 300 3172 “Quod
316 3125 375 3170 turn
397 3112 566 3174 vociferarer
587 3113 616 3173 in
637 3132 668 3170 re
689 3113 820 3188 presenti
835 3111 962 3190 pavidus,
987 3114 1041 3173 hoo
1064 3133 1144 3174 nuno

183 3199 325 3264 “postero
338 3192 384 3250 die
406 3211 514 3268 queror.
556 3191 666 3266 Frater,
680 3211 736 3250 non
758 3192 973 3264 comissantium
996 3193 1029 3252 in*
1050 3194 1144 3253 ricem

183 3267 269 3346 “jam
293 3266 342 3327 din
364 3272 482 3331 vivimus
503 3273 576 3330 inter
597 3291 657 3330 nos.
706 3272 842 3350 Regnare
863 3272 960 3347 utique
981 3273 1041 3330 vis:
1075 3273 1180 3333 huicne

184 3361 204 3397 u
214 3348 275 3424 spei
290 3360 346 3404 tuae
366 3351 458 3410 obstat
472 3363 539 3410 etas
554 3371 626 3424 mea,
647 3352 740 3410 obstat
756 3347 894 3446 gentium«
904 3351 960 3428 jus,
981 3351 1073 3410 obstat
1097 3371 1146 3411 ve·

184 3441 203 3477 κ
214 3438 306 3486 tostos
320 3427 582 3504 llaoedoniaermos,
596 3432 689 3490 obstat
708 3449 775 3488 uero
795 3431 880 3488 etiam
894 3431 979 3506 patris
990 3427 1143 3506 judicium.

184 3507 205 3545 ‘⁶
215 3507 288 3566 Haeo
302 3509 512 3578 transcendere,
528 3511 582 3568 nisi
597 3529 646 3586 per
661 3529 754 3581 meum
779 3511 958 3586 sanguinem,
968 3527 1029 3566 ‘non
1044 3523 1142 3586 potes:

184 3587 204 3622 “
213 3589 309 3646 omnia
324 3587 428 3646 moliris
440 3599 470 3646 et
483 3601 593 3648 tentes:
615 3590 709 3646 adhuc
723 3605 773 3648 seu
787 3606 856 3645 oura
870 3595 943 3659 mea,
956 3607 1007 3647 sen
1019 3589 1142 3660 senuna,

184 3666 316 3724 “restitit
330 3659 550 3742 parricidio'tuo.
593 3667 734 3724 Hesterni
754 3666 801 3724 die
816 3666 845 3724 in
860 3667 1035 3750 lustratione,
1052 3680 1081 3728 et
1094 3671 1180 3729 de--n

184 3746 204 3781 “
215 3763 311 3811 cursu,
325 3759 354 3804 et
368 3747 519 3832 simulacro
532 3747 642 3805 ludicro
655 3746 927 3823 pugnatunestum
941 3749 1027 3825 prope
1049 3749 1143 3828 proeli·

184 3825 204 3860 “
214 3843 262 3886 um
277 3824 386 3898 lenisti3
407 3847 462 3888 neo
477 3845 521 3906 rna
535 3827 612 3886 aliud
633 3839 758 3894 amnrte
779 3826 943 3898 vindicarit,
962 3824 1047 3906 quiin
1067 3828 1142 3907 quad

506 3911 511 3934 l
834 3927 836 3932 .
