2646 4340
451 385 557 442 masa
572 387 627 438 xa.
647 355 720 438 ‘ase
731 398 835 461 xxo.
1059 387 1118 452 ιιι

161 539 248 614 “quo
261 545 413 604 accusatus
427 553 499 601 sum,
515 534 550 590 ad
564 509 804 624 cognoscendum,
819 531 886 606 quid
910 542 1052 607 ageretur
1070 533 1119 591 ba·

161 625 181 653 ⁶
172 616 249 674 bui.
292 599 396 672 Utrum
410 626 553 672 momento
564 611 612 678 rllo
620 613 694 669 borae
703 615 895 668 accusatorem
911 611 1058 668 audirem?
1080 631 1117 670 an

161 689 386 752 “defensionem
401 693 576 750 meditarer?
617 691 763 748 Attonitus
786 689 934 765 repentino
954 701 1036 781 atque
1058 691 1119 750 ino·

152 774 286 850 '“pinato
300 773 382 840 malo,
397 772 455 839 rix,
456 771 543 847 quid
563 771 742 850 objiceretur,
763 767 920 845 intelligere
941 770 1037 845 potui;
1069 790 1119 828 ne·

88 909 97 922 ,
125 871 140 912 s
161 858 180 890 “
191 853 259 910 dunt
275 851 345 910 satis
362 851 461 918 sciam,
482 869 537 926 quo
558 851 642 908 modo
663 869 708 906 me
734 859 823 906 tuear.
864 847 945 916 Quid
968 849 1036 906 mibi
1057 850 1118 926 spei

161 937 277 998 “essen
292 931 345 1003 nisi
360 941 468 1006 patrem
487 930 613 1006 judicem
637 925 790 991 babereml
820 928 897 1003 apud
908 947 992 1004 quem
1006 929 1117 988 etiamsi

161 1011 309 1068 “caritate
330 1028 347 1067 a
367 1009 450 1067 fratre
471 1010 576 1088 majore
596 1009 703 1087 vincor,
734 1007 926 1070 misericordia
956 1007 1038 1066 certe
1053 1028 1118 1068 reus

161 1091 267 1148 “rinei
288 1109 345 1147 non
366 1089 465 1147 debeo.
508 1089 570 1166 llgo
590 1088 677 1155 enim,
699 1097 730 1144 ut
744 1088 789 1144 m'e
809 1086 878 1144 mihi
893 1086 999 1162 tibique
1012 1107 1118 1162 serves,

160 1174 180 1208 ‘⁴
190 1188 311 1259 precor.
331 1168 387 1240 ille,
412 1180 443 1226 ut
457 1187 502 1226 me
515 1168 544 1234 in
559 1167 740 1258 securitatem
753 1185 833 1228 suam
847 1166 972 1233 occidas,
987 1167 1117 1242 postulat.

127 1267 150 1308 ra
160 1255 180 1286 ‘⁶
190 1236 311 1312 Quid
296 1267 373 1320 enm,
393 1266 488 1340 quum
502 1266 621 1324 regnum
632 1246 670 1304 ei
691 1245 849 1318 tradideris,
864 1245 1003 1303 facturum
1024 1247 1118 1305 credis

159 1328 220 1386 “in
241 1346 380 1396 measse,
402 1327 450 1404 qui
477 1327 538 1406 jam
558 1345 636 1410 nunc
656 1325 796 1402 sanguine
817 1344 881 1383 meo
901 1323 955 1401 sibi
976 1325 1118 1403 indulgeri

159 1413 180 1446 “
192 1427 335 1484 equum
316 1420 416 1466 censet
424 1409 436 1464 l
444 1405 460 1434 ’¹

200 1565 284 1624 XVI.
311 1539 511 1636 Βίοιιιιίιιωι
521 1565 656 1640 lacrymae
676 1563 759 1622 simul
781 1562 909 1640 spiritum
923 1573 952 1622 et
965 1581 1063 1622 rocem
1077 1561 1119 1622 in·

159 1645 358 1704 tercluserunt.
399 1644 554 1736 Philippus,
576 1643 713 1702 submotis
735 1643 781 1716 iis,
801 1643 962 1722 paulisper
961 1641 1118 1703 collocutus

126 1744 227 1789 ascum
241 1724 350 1792 amicis,
364 1724 567 1800 pronuntiavit,
589 1723 685 1782 “Non
699 1688 792 1780 verbis
812 1742 852 1796 se,
873 1742 928 1780 nec
942 1723 1027 1780 unius
1043 1723 1118 1782 borea

132 1809 180 1845 ·“
191 1804 406 1896 disceptatione,
420 1822 536 1864 causam
550 1821 647 1882 eorum
661 1801 892 1878 dij'udlcatururu‚
911 1803 983 1860 sed
976 1802 1118 1895 inquiren-

86 1930 87 1934 ,
160 1888 180 1921 “
191 1883 248 1940 do
242 1903 270 1940 ιιι
286 1883 430 1974 utriusque
443 1883 539 1956 vitam,
553 1877 654 1949 mores,
668 1893 697 1938 et
710 1881 787 1938 dicta
800 1881 962 1956 factaque
954 1901 984 1938 ιιι
1006 1883 1118 1958 magnis

160 1967 190 1999 “
192 1962 338 2038 parvisque
352 1961 437 2020 rebus
449 1928 668 2042 obserlando:”
689 1972 721 2018 ut
734 1959 866 2018 omnibus
880 1973 1034 2036 appareret,
1050 1980 1118 2020 uoc-

160 2041 196 2099 tis
209 2042 343 2116 prorirnae
357 2038 464 2101 crimen
480 2041 561 2098 facile
576 2040 732 2123 revictumt
746 2051 904 2115 suspectam
920 2040 1036 2097 nimiam
1051 2059 1117 2098 cum

125 2147 152 2189 to
162 2121 301 2180 Romanis
317 2120 452 2178 Demetrii
466 2115 591 2198 gratiam
599 2138 670 2177 esse.
712 2119 794 2186 Haec,
813 2119 876 2188 viro
889 2117 1029 2194 Philippo,
1042 2120 1119 2179 velut

160 2201 270 2258 semina
281 2197 358 2276 jacta
372 2211 438 2258 suut
452 2199 633 2288 Macedonici
648 2196 724 2266 belli,
738 2197 813 2274 quod
832 2197 957 2256 maximd
972 2217 1039 2256 cum
1053 2199 1119 2258 Per·

160 2299 210 2337 seo
223 2279 379 2356 gerendum
393 2290 462 2337 erat.
905 2304 907 2314 ι

125 2435 313 2564 XXIV
329 2436 533 2495 Demetrium
527 2447 627 2495 iterum
642 2410 681 2494 ad
689 2448 800 2513 patrem
816 2435 966 2505 accusavit
988 2435 1118 2497 Perseus.

125 2480 198 2590 Ξ..
279 2515 407 2575 ‚Nihil
421 2527 516 2574 tarnen
540 2517 632 2593 palam
656 2517 771 2600 gravius
793 2517 1004 2593 pronuntiatum
1027 2516 1063 2575 de
1084 2535 1119 2576 ec

122 2627 146 2655 a
139 2607 214 2663 ·‚est
226 2607 257 2656 ut
250 2557 332 2654 dolo
343 2596 434 2672 potius
445 2595 659 2654 interficeretur.
697 2635 823 2654 .....
849 2595 898 2653 Ab
911 2595 1118 2654 Thessalonice

132 2670 147 2715 ⁴'
161 2674 394 2733 Demetriadem'
385 2676 439 2752 ipsi
452 2693 539 2752 quum
554 2677 606 2754 iter
618 2685 702 2742 esset,
718 2675 860 2732 Astraeum
879 2673 1002 2734 Paeonire
1015 2675 1119 2733 Deme·

126 2755 245 2834 §trium
261 2755 345 2812 mittit
359 2773 425 2812 curn
439 2755 539 2812 eodem
553 2741 656 2812 comite
668 2754 753 2824 Dida,
766 2754 901 2813 Perseum
914 2753 1117 2830 Amphipolim,

126 2805 197 2916 'iad
210 2823 324 2892 obsides
337 2833 485 2890 Threcum
500 2833 689 2908 accipiendos.
732 2801 911 2908 Iligredienti
933 2833 970 2889 ab
991 2853 1021 2891 se
1035 2833 1129 2892 Dide,

132 2949 148 2980 ,,
132 2889 294 2970 mandata
310 2913 421 2972 dedisse
435 2912 538 2970 dicitur
557 2912 595 2970 de
610 2912 667 2970 filio
679 2911 846 2971 occidendo.
889 2911 1068 2970 Sacrificium
1082 2913 1118 2970 ab

127 3017 153 3058 ω
128 2981 236 3049 nida
250 3011 300 3049 seu
315 2991 483 3060 institutum,
498 3009 548 3050 seu
563 2992 725 3050 simulatum
739 3003 801 3062 est;
832 2991 867 3048 ad
886 2991 960 3066 quod
975 2991 1119 3049 celebran-

161 3071 252 3132 dum'
244 3071 378 3128 invitatus
392 3069 554 3129 Demetrius
575 3072 611 3128 ab
632 3073 745 3130 Astraeo
769 3071 940 3128 Heracleam
955 3071 1040 3128 venit.
1082 3071 1118 3130 Iu

160 3151 196 3208 ed
210 3153 292 3208 cont
306 3150 410 3208 dicitur
423 3169 565 3208 venenum
588 3151 695 3208 datum.
737 3147 843 3208 Poculo
861 3160 954 3226 epoto,
977 3151 1119 3244 extemplp

141 3229 268 3296 sensit:
289 3240 318 3287 et
332 3243 397 3287 m'orr
410 3230 513 3288 coortis
526 3229 678 3302 doloribus,
703 3230 801 3288 relicto
824 3229 962 3297 concivio,
986 3249 1072 3306 quum
1087 3231 1117 3289 iu

161 3309 327 3368 cubiculum
341 3308 494 3385 recepisset
506 3327 579 3381 sese,
600 3309 810 3368 crudelitatem
822 3308 909 3384 patris
930 3323 1117 3386 conquerens,

127 3389 343 3464 aparricidium
358 3387 458 3459 fratris,
480 3407 515 3446 ac
538 3387 622 3446 Didae
645 3388 768 3446 scelus'
761 3407 904 3459 incusans,
928 3389 1117 3466 torquebatur.

96 3527 100 3540 ‚
163 3465 320 3526 Intromissi
343 3467 390 3540 dej
393 3467 448 3525 nde
469 3466 590 3546 Thyrsis
602 3467 715 3544 qurdam
741 3467 903 3526 Stuberaeus
926 3479 955 3526 et
975 3467 1118 3527 Beroereus

163 3545 327 3604 Alexander
329 3546 464 3625 ,injectis
477 3537 646 3640 tapetibus'
639 3567 668 3606 ιιι
692 3557 778 3624 caput
802 3547 964 3624 faucesque,
988 3545 1118 3622 spiritum

163 3595 390 3686 intercluserirnt.
432 3625 504 3686 Ita'
497 3624 632 3686 innoxius
651 3627 827 3696 adolescens,
852 3647 959 3720 quum
966 3625 996 3683 in
1023 3643 1058 3683 eo
1080 3643 1117 3683 ne

164 3704 285 3846 simplfpci
307 3706 420 3780 quidem
446 3709 551 3785 genere
564 3703 671 3766 mortis
697 3707 823 3767 contenti
850 3704 960 3766 inimici
987 3703 1116 3775 luissent,

131 3783 238 3850 winter
258 3784 339 3844 citur.
