2648 4338
469 367 572 420 sinas
589 355 634 420 nt.
654 343 806 420 stanin.
870 351 887 430 ,’
1066 372 1139 438 ιω,

167 513 208 574 ’0.
222 503 367 572 Marcium
380 489 520 586 Rutilum,
544 512 579 598 C.
589 497 820 588 'Sulpicinmz'ib
835 487 974 572 Manlium
998 507 1125 592 Torquti·

172 603 242 664 rum,
256 592 297 654 Q.
312 591 463 650 Publilium
473 591 630 670 Philonem,
646 591 678 656 L.
694 591 836 666 Papirium
847 593 1008 662 Cursorem,
1016 593 1059 664 Q
1071 594 1126 654 ra·
1138 605 1145 618 “

171 671 251 734 bium
265 668 432 739 Maximam,
446 672 516 728 duos
531 669 644 750 Decios,
658 669 691 729 Ι.
707 657 900 750 Volumnium,
923 673 1053 732 Manium
1067 674 1126 734 Cn·

170 751 253 810 rium.
296 750 440 826 Deinceps
461 751 591 828 ingentes
611 760 767 826 sequuntur
791 749 851 817 viri,
873 751 896 808 si
912 749 1050 812 Punicum
1066 753 1126 812 Ro-

148 828 946 984 ⁵tttt'tttttttttttttttt,t{dt}
960 831 1125 972 iidiffi't

170 999 242 1055 erat,
256 988 343 1062 animi
358 987 540 1064 ingeniique.3
573 996 634 1044 nrm
654 986 805 1062 disciplina
829 987 967 1056 militaris,
986 987 1044 1066 jam
1055 989 1125 1050 iude
1209 1017 1210 1026 ¹

171 1067 208 1132 ab
222 1067 310 1124 initiis
323 1067 408 1136 Urbis
420 1059 521 1124 tradita
535 1083 584 1141 per
598 1075 708 1132 manns,
723 1065 752 1123 in
769 1065 837 1124 aitis
849 1067 990 1142 perpetuis
1004 1087 1126 1148 precep-

170 1147 207 1204 tis
219 1146 356 1204 ordinata
370 1146 485 1204 modum
501 1155 638 1216 venerat·
665 1143 709 1202 Ita
722 1163 803 1222 reges
816 1156 962 1221 gesseram
976 1147 1065 1218 bella3
1087 1150 1126 1208 ite

138 1225 276 1282 rodeiude
296 1236 444 1282 exactores
458 1241 557 1300 regum
569 1213 653 1280 Iunii·
663 1223 845 1300 valeriiquer
867 1221 912 1282 'its
925 1224 1061 1302 deinceps
1073 1227 1127 1286 Fa·

170 1303 222 1372 bii,
236 1300 360 1375 Quintii,
382 1302 526 1372 Cornelii;
561 1301 600 1358 ita
620 1301 724 1378 Furius
737 1302 882 1374 Camillus,
906 1321 989 1379 quem
1007 1304 1127 1381 juvenes

171 1381 202 1454 ii,
216 1383 384 1458 quibuscum
399 1381 770 1459 Alexandrn‘dimicandum
791 1392 861 1450 erat,
879 1400 976 1452 senem
990 1384 1126 1444 viderant.

172 1454 308 1520 Militaria
320 1480 405 1536 opera
419 1460 572 1538 pugnando
593 1460 710 1518 obeunti
731 1459 895 1520 Alexandro
919 1460 998 1540 (uam
1012 1467 1046 1522 ea
1059 1483 1128 1540 quo·

170 1559 226 1615 que
240 1539 316 1599 haud
330 1541 428 1602 mitads
441 1538 555 1598 clarum
576 1559 642 1598 enm
656 1539 782 1618 faciunt)
792 1539 926 1598 cessisset
945 1541 1126 1602 videlicet'·in
1163 1611 1166 1618 ¹

138 1619 233 1678 macie
246 1619 357 1700 oblatus
370 1639 426 1696 par
447 1619 574 1677 Manlius
594 1617 765 1693 Torquatus,
786 1630 835 1678 aut
855 1619 986 1696 Valerius
1006 1620 1125 1692 Corvus,

171 1697 299 1776 insignes
311 1699 376 1761 aitte
391 1699 506 1766 milites,
518 1700 604 1774 quam
619 1695 731 1757 ducest
753 1697 1005 1769 cessissentDecii,
1015 1699 1127 1762 dedetis

171 1777 340 1854 corporibus*
356 1777 385 1836 in
406 1779 513 1836 hostem
539 1778 677 1836 ruentes?
707 1777 841 1854 ‘cessisset
861 1777 989 1854 Papirius
1009 1779 1125 1849 Cursor,
1147 1793 1150 1802 ¹

170 1855 219 1915 illo
232 1857 362 1936 corporis
371 1857 479 1924 roboro,
494 1856 542 1914 illo
555 1856 664 1930 animi!
686 1855 778 1914 victus
788 1867 865 1914 esset
878 1857 1004 1916 consiliis
1014 1855 1127 1935 juvenis

171 1935 267 2009 unius,
280 1954 318 1994 ne
331 1936 457 2012 singulos
470 1935 625 2016 nominem,
649 1945 763 1992 senatus
777 1935 832 2006 ille,
846 1945 931 2010 quem¹
944 1937 992 2011 qui
1005 1937 1041 1994 eir
1053 1933 1127 2015 regi·

136 2013 225 2073 cobus
240 2013 374 2086 ¹constare
402 2014 482 2082 dixit,
505 2033 579 2072 unus
600 2032 694 2072 veram
717 2014 842 2089 speciem
867 2013 993 2074 Romani
1013 2019 1132 2075 senattis.

170 2091 247 2170 cepit
259 2095 270 2150 i
312 2093 346 2172 Id
361 2092 429 2158 vert
450 2093 510 2162 arat
523 2093 742 2174 periculumne
756 2091 902 2160 sollertids,
916 2091 1000 2177 quarn
1009 2086 1131 2170 quilibet

170 2190 245 2230 nnus
258 2192 294 2230 ex
308 2173 352 2240 iis,
372 2191 442 2248 quos
462 2171 614 2242 nominavi,¹
629 2171 728 2242 castris
741 2172 836 2244 iocum
845 2183 972 2248 caperet,
986 2187 1127 2234 commea·

170 2263 217 2310 tus
229 2251 386 2328 expediret,
401 2252 436 2310 ab
450 2251 561 2310 insidiis
581 2255 761 2327 praecaveret,
782 2261 893 2328 tempus
906 2269 1008 2329 pugnae
1021 2253 1129 2332 delige-¹

170 2332 329 2404 ret,aciem
343 2331 502 2398 instrueret,
526 2327 661 2388 subsidiis
679 2330 824 2390 firmaret?
864 2330 931 2390 Non
952 2335 1018 2390 cuia
1039 2331 1127 2392 Dario

135 2425 230 2472 aerem
251 2429 314 2467 esse
335 2411 469 2468 dixissetr
502 2429 595 2486 quem,
621 2409 770 2469 mulierum
791 2429 826 2468 ao
846 2409 1002 2488 spadonum
1023 2431 1126 2489 agmen
1232 2419 1233 2422 ’

165 2490 339 2556 trahentem,
355 2490 427 2548 inter
460 2497 591 2565 nrpuram
614 2499 702 2564 atque,
720 2504 829 2562 aurum,
847 2501 993 2562 oneratum
1008 2490 1127 2550 fortunas

170 2565 350 2644 apparatibus
363 2565 421 2626 siiae
436 2507 573 2645 dirraedam
589 2567 690 2636 veritis,
704 2569 789 2643 quam
803 2569 937 2647 hostem),
958 2569 1029 2627 nibil
1050 2570 1126 2628 alind

169 2648 255 2722 quam
283 2647 357 2704 bene
383 2666 468 2705 ausus
487 2665 560 2705 vana
577 2659 784 2715 contemnere,
816 2647 982 2708 incruentus
1013 2647 1126 2718 devicit.

170 2724 269 2802 Longe
284 2726 355 2783 aiius
370 2725 467 2796 Ital-ia,
481 2724 565 2801 quarn
582 2725 682 2792 india,
696 2741 746 2801 per
762 2727 847 2802 quain
869 2725 1024 2784 temulento
1038 2726 1127 2804 agmi-

136 2821 208 2878 ntne
222 2805 488 2880 commissabundus
503 2805 628 2876 incessit,
651 2805 732 2862 visus·
750 2805 789 2862 ilii
814 2803 926 2862 habitus
941 2814 1028 2875 esset,'
1038 2804 1127 2864 saltus

170 2883 285 2958 Apniiae
298 2903 332 2941 ac
346 2883 603 2944 m'ontes'Lueanos
616 2883 755 2953 cernenti,
769 2893 799 2942 et
809 2882 1064 2960 vestigiarecentia
1077 2883 1127 2943 do·

170 2962 297 3020 mesticas
310 2963 408 3034 cladis,
422 2962 470 3020 ubi
491 2961 648 3020 avunculus
668 2962 730 3040 ejus
742 2981 832 3038 nuper
844 2961 926 3038 Epiri
939 2967 993 3019 rex*
1003 2959 1128 3042 Alexan·

170 3030 222 3098 d'er
236 3039 400 3117 absumptus
413 3049 481 3102 erat.
508 3085 510 3088 -
541 3051 561 3074 ·’
657 3117 660 3126 .
701 3113 703 3120 Ι

170 3243 173 3252 ,
195 3165 327 3273 .thst
348 3199 386 3256 Et
399 3167 538 3274 loquimur
551 3199 588 3256 de
603 3155 767 3265 Alexandro
780 3199 906 3256 noudum
921 3217 1012 3258 merso
1025 3219 1127 3260 secun·

138 3278 216 3340 rsdis
228 3279 322 3350 rebus,
334 3287 453 3353 quarum
467 3263 758 3340 ndm0²intolerantior
772 3277 840 3335 fnit:
871 3275 928 3353 qui,
942 3279 967 3336 si
980 3299 1015 3338 cr
1029 3281 1126 3342 habitu
1188 3312 1193 3321 ·

170 3375 251 3418 uovae
265 3357 393 3426 fortune,
408 3355 527 3430 novique
543 3355 587 3430 (nt
602 3355 762 3435 ita-dicam)
782 3347 899 3432 ingenii,¹
913 3359 987 3432 quud
1002 3360 1056 3418 sibi
1070 3359 1127 3416 vic·
1239 3380 1244 3397 ·

171 3447 214 3494 tor
228 3435 367 3502 induerat,
382 3446 534 3510 spectetur,
557 3433 644 3492 Dario
667 3434 758 3510 magis
777 3435 885 3504 similis,
906 3437 989 3512 quim
1004 3439 1127 3496 Alexan.

171 3517 231 3586 dro,
254 3515 283 3573 in
298 3515 409 3573 italiam
432 3514 564 3585 v'enisset,
590 3524 619 3572 et
639 3513 795 3572 exercitum
810 3514 989 3574 Macedoniae
1007 3516 1126 3574 oblitum

98 3633 104 3646 .
171 3595 450 3672 degenerantemque
468 3589 527 3670 jam
542 3594 571 3652 in
587 3593 735 3676 Persarum
750 3609 841 3652 mores
856 3595 1025 3674 adduirisset.
1067 3585 1127 3652 Re·

138 3673 246 3735 anferre
261 3673 290 3730 in
304 3683 382 3738 tanto
396 3689 462 3749 rege
478 3674 554 3749 piget
569 3673 717 3748 superbam
732 3674 915 3750 mutationem
930 3673 1022 3736 vestis,
1037 3684 1066 3730 et
1078 3671 1133 3730 dem

172 3744 401 3810 sideratas'humi
414 3751 569 3829 jacentium
585 3752 770 3824 adnationes,
792 3753 876 3810 etiarn
897 3751 979 3808 victis
993 3749 1127 3810 Macedo·

172 3831 259 3891 nibus
271 3849 379 3909 graves,
394 3832 499 3889 nedum
515 3831 685 3902 victoribus;
714 3843 743 3888 et
757 3832 831 3890 foeda
851 3829 999 3906 supplicia,
1013 3841 1043 3906 et
1056 3830 1128 3908 iuter
