2648 4340
475 351 577 400 Lissa
593 351 613 400 l.
645 365 707 402 car.
719 365 815 402 narn.
1065 355 1106 418 45

148 495 170 531 ‘⁴
180 493 310 570 quinium
334 505 412 552 creat
435 505 570 572 vocatque
591 511 696 570 regern.
737 494 797 552 Aut
819 493 842 550 si
867 493 902 551 ad
926 493 988 554 hec
1005 513 1103 571 parurn

149 577 171 612 ‘⁶
183 584 228 630 est
241 574 338 643 animi,
359 574 427 648 quid
449 573 588 631 frustraris
608 573 750 630 civitatern
762 576 781 629 l·
813 573 881 648 quid
902 583 930 630 te
951 583 982 630 ut
994 575 1103 651 regium

146 653 168 688 ‘⁴
177 653 314 730 juvenem
336 653 461 726 conspici
488 653 579 710 sinisl
620 651 742 710 Facesse
763 653 831 710 hinc
851 652 1032 726 Tarquinios,
1056 666 1104 712 aut

147 736 168 770 “
179 731 360 789 Corinthum.
403 731 555 788 Devolaere
577 741 651 788 retro
674 731 710 788 ad
731 731 855 806 stirpem,
877 730 953 788 fratri
976 733 1102 800 similior,

123 811 265 886 5“quim
289 807 393 886 patri„
411 811 465 868 llis
486 811 602 886 aliisque
629 810 802 884 increpando
824 810 957 886 juvenem
978 811 1102 887 instigat,

148 909 205 950 nec
219 890 421 964 conquiescere
436 891 495 965 ipsa
507 896 614 966 potest3
636 889 659 944 si
675 887 774 963 (quum
789 887 940 963 Tanaquil,
956 892 1104 965 peregrina

148 969 261 1038 mulier,
277 971 382 1028 tantdrn
399 969 488 1026 moliri
502 968 638 1044 potuisset
660 963 762 1036 animo,
782 977 812 1023 ut
826 967 881 1024 duo
894 969 1028 1026 continua
1042 989 1104 1046 reg·

148 1069 187 1106 na
200 1049 270 1120 viro,
294 1067 327 1104 ac
354 1048 490 1124 deinceps
510 1039 634 1123 genero,¹
647 1045 784 1124 dedisset)
812 1045 880 1122 ipsa,
904 1049 981 1122 regio
995 1050 1103 1106 semine

147 1139 220 1193 orta,
236 1127 343 1184 nullum
358 1143 530 1184 momentum
547 1127 575 1182 in
592 1125 687 1182 dando
707 1125 913 1198 adimendoque
928 1143 1014 1202 regno
1029 1128 1103 1186 sace·

114 1231 139 1270 10
149 1218 201 1264 ret.
243 1206 298 1262 His
312 1202 496 1262 muliebribus
510 1205 659 1262 instinctus
673 1203 752 1260 soriis
764 1202 939 1278 Tarquinius
952 1205 1102 1264 circumire

148 1296 178 1342 et
191 1303 334 1360 prensare,
349 1285 488 1342 minorum
506 1283 629 1348 maxime
653 1283 791 1358 gentium,
810 1275 923 1352 Patres3
951 1284 1102 1343 admonere

148 1364 260 1440 paterni
276 1363 420 1432 beneficii}
431 1381 464 1420 ac
478 1383 528 1438 pro
541 1362 706 1438 eo'gratiam
721 1372 867 1438 repeteret
893 1361 1007 1420 allicere
1020 1364 1102 1422 donis

145 1441 285 1518 juvenes:
307 1453 365 1499 tum
380 1443 416 1498 de
430 1461 460 1501 se
475 1441 601 1517 ingentia
623 1441 792 1516 pollicendo,
816 1451 875 1498 turn
889 1441 966 1517 regis
977 1442 1102 1500 crimini·

150 1523 214 1594 bus,
227 1521 358 1578 omnibns
371 1520 441 1578 locis
454 1539 603 1578 crescere:
632 1517 784 1595 postremo,
805 1530 837 1577 ut
856 1518 913 1596 jam
929 1521 1046 1596 agendae
1060 1523 1101 1580 rei

115 1626 140 1665 15
148 1613 262 1676 tempus
274 1600 364 1656 visum
378 1609 430 1666 est,
445 1601 562 1676 stipatus
577 1599 690 1676 agmine
714 1609 893 1666 armatorum,
918 1598 947 1656 in
962 1599 1052 1658 forum
1066 1601 1102 1658 ir·

148 1681 246 1755 rupit:
275 1675 351 1745 inde,
368 1677 500 1736 omatibus
513 1678 650 1754 perculsis
672 1695 784 1752 pavore,
809 1679 838 1735 in
861 1679 941 1754 regii
961 1679 1028 1736 sede
1051 1699 1102 1754 pro

150 1757 233 1816 curis
256 1759 367 1825 sedens,
386 1771 481 1832 ‘patres
505 1756 662 1814 incuriam
688 1775 736 1832 per
759 1775 919 1834 preconem
946 1758 981 1814 ad
1005 1777 1101 1834 regern

149 1837 341 1912 Tarquinium
363 1836 443 1893 citari
462 1836 570 1912 jussit„
608 1835 774 1892 Convenere
794 1835 942 1910 extemplo,
971 1835 1017 1893 alii
1042 1837 1099 1912 jam

148 1919 214 1972 ante
238 1917 273 1972 ad
297 1917 350 1971 hoc
371 1913 601 1990 praeparati‚=alii
623 1926 708 1984 metu,
736 1924 772 1971 ne
795 1933 852 1971 non
873 1913 983 1970 venisse
1010 1915 1100 1973 lraudi

113 2005 232 2062 coesset,
248 1994 371 2052 novitate
384 2011 418 2051 ac
433 1991 568 2052 miraculo
588 1993 708 2060 attoniti,
728 2003 757 2050 et
774 1993 831 2068 jain
846 1993 882 2050 de
897 1993 994 2050 Servio
1007 2005 1100 2052 actum

147 2073 211 2131 rati.
253 2074 297 2131 Ibi
325 2074 508 2148 Tarquinios,
535 2072 686 2129 maledicta
712 2073 748 2128 ab
773 2072 858 2146 stirpe
880 2071 977 2128 ultimi
1002 2091 1100 2141 orsus3

148 2155 167 2188 ‘⁴
181 2154 310 2218 Servum,
327 2155 460 2226 servisque
475 2163 580 2220 natum,
597 2162 658 2224 post
677 2162 796 2208 mortem
817 2149 963 2226 indignam
977 2152 1101 2226 parentis

147 2234 166 2268 “
178 2233 233 2298 sui,
248 2252 305 2288 non
317 2233 488 2306 interregno,
505 2245 535 2287 ut
555 2241 648 2294 antea,
673 2230 751 2295 inito,
774 2247 830 2285 non
852 2228 974 2286 comitiis
988 2230 1100 2298 habitis,

146 2312 166 2346 “
179 2329 235 2367 non
251 2329 300 2386 per
314 2311 477 2386 suffragium
486 2309 588 2385 populi,
601 2327 657 2366 non
674 2308 835 2366 auctoribus
851 2308 988 2375 Patribus,
1003 2309 1103 2366 mulie·

113 2393 166 2454 ff
178 2390 221 2448 bri
236 2391 311 2446 dono
324 2407 441 2465 regnum
456 2389 619 2464 occupasse
661 2385 705 2448 Ita
728 2398 834 2456 natum,
859 2387 899 2446 ita
919 2397 1044 2446 creatum
1056 2409 1113 2446 re-⁴

146 2471 253 2544 “gem,
269 2467 405 2526 fautorem
429 2467 515 2524 infimi
540 2466 652 2543 generis
675 2465 830 2533 hominurn,
854 2485 890 2523 ex
910 2485 965 2540 quo
981 2467 1040 2542 ipse
1055 2469 1100 2531 sit,
1188 2473 1191 2480 ’

145 2547 243 2606 “odio
256 2547 356 2604 alienae
378 2547 530 2604 honestatis
553 2559 680 2621 ereptum
704 2545 873 2621 primoribus
893 2564 991 2621 agrurn
1015 2546 1103 2602 sordi·

146 2627 295 2684 “dissimo
318 2625 419 2699 cuique
440 2625 583 2682 divisisse:
612 2625 708 2682 omnia
731 2643 826 2694 onera,
850 2643 912 2700 quae
939 2623 1102 2681 communia

146 2705 320 2780 “quondam
335 2704 448 2766 luerint,
464 2705 616 2763 inclinasse
636 2704 665 2761 in
678 2705 814 2777 primores
828 2703 964 2762 civitatis:
993 2702 1102 2758 institu-

24 2775 26 2790 ’
112 2791 165 2844 ιι“
177 2786 232 2842 isse
242 2802 374 2851 censum,
389 2795 420 2840 ut
435 2783 553 2859 insignis
567 2783 603 2840 ad
618 2783 751 2840 invidiam
764 2781 977 2857 locupletiorum
991 2780 1102 2836 fortuna

144 2869 165 2902 “
176 2875 261 2936 esset,-
274 2875 303 2920 et
316 2875 422 2940 parata,
437 2863 522 2930 unde,
538 2862 585 2948 ubi
607 2861 699 2932 vallet,
722 2860 912 2936 egentissimis
925 2859 1100 2936 largiretur.’'

185 3021 328 3080 XLVllI.
370 3020 447 3077 lluic
466 3019 584 3077 orationi
600 3017 715 3076 Servius
727 3035 813 3093 quum
829 3015 1032 3086 intervenisset,
1047 3027 1102 3074 tre·

145 3103 214 3180 pido
238 3101 338 3159 nuntio
364 3101 511 3169 excitatus,
533 3097 677 3172 cntempla¹
696 3117 712 3154 a
734 3097 870 3153 vestibulo
890 3095 977 3151 curias
1000 3098 1102 3172 magna

146 3201 227 3247 voce,
239 3187 261 3234 t‘
272 3179 354 3241 Quid
369 3180 452 3244 hoc,''
468 3178 565 3252 inquit,
587 3183 605 3212 ‘⁶
617 3175 767 3250 Tarquini,
789 3179 829 3232 rei
843 3175 907 3232 esti
934 3177 987 3249 qud
1008 3187 1039 3231 tu
1053 3195 1102 3232 au·

113 3265 165 3320 ac‘⁴
180 3261 272 3332 dacii,
286 3277 332 3316 me
348 3259 417 3324 rivo,
442 3275 542 3312 vocare
558 3273 643 3312 ausus
663 3273 694 3310 es
709 3254 814 3320 Patres,
836 3264 885 3310 aut
905 3253 934 3310 in
953 3255 1020 3312 sede
1034 3273 1102 3311 con·

147 3341 270 3397 “sidere
293 3338 401 3394 meril”
442 3334 542 3396 Quirrn
564 3335 610 3390 ille
632 3332 762 3390 ferociter
785 3331 820 3389 ad
845 3333 916 3405 haec,
936 3333 1101 3408 “Sopatris

146 3424 165 3456 “
178 3419 221 3476 sui
236 3431 333 3476 tenere
347 3417 455 3485 sedem,
477 3412 575 3486 multo,
599 3409 683 3487 quarn
705 3429 826 3476 serrum,
851 3412 985 3486 potiorem
1012 3411 1100 3468 filium

146 3503 165 3533 “
177 3497 252 3572 regis
266 3493 528 3578 regpilraaredem:
566 3492 633 3549 satis
655 3490 731 3547 illurn
753 3489 801 3546 diu
822 3509 871 3565 per
885 3491 1028 3548 licentiam
1043 3488 1101 3544 eln-

146 3582 165 3613 “
178 3579 291 3632 dentem
308 3556 455 3630 ins'ulrt's'sl
469 3571 591 3628 dominis
602 3591 610 3639 ς
621 3569 639 3596 ”
666 3569 772 3626 clamor
786 3569 821 3625 ab
835 3570 979 3645 utriusque
989 3566 1101 3624 lautori-

113 3673 138 3712 to
148 3658 201 3713 bus
213 3655 312 3722 oritur,
326 3663 355 3709 et
364 3663 521 3708 concursus
535 3649 627 3724 populi
644 3647 729 3705 fiebat
743 3648 770 3705 in
785 3649 911 3706 curiam:
936 3645 1101 3722 apparebat·

147 3753 202 3810 que
217 3745 408 3808 regnaturum,
423 3730 470 3804 qui
485 3731 605 3786 vicisset.
647 3727 723 3784 Turn
738 3727 920 3800 Tarquinius,
932 3722 1101 3784 necessitate

144 3815 204 3892 jaro
220 3813 278 3888 ipsi
293 3821 412 3886 cogente
430 3808 532 3866 ultima
552 3807 665 3874 audere,
688 3806 776 3864 multd
795 3818 823 3864 et
846 3815 926 3862 aetate
948 3814 976 3860 et
997 3801 1101 3886 viribus
