2648 4340
216 333 257 394 ω
468 327 537 380 mat
553 329 636 380 L1v11
653 327 793 378 utensi.
814 342 875 380 car.
886 341 929 378 ux.

216 472 346 551 plebis,'
338 493 368 532 ιιι
392 471 479 532 lossas
494 471 663 547 cloacasque
686 434 892 530 exhauriendas
912 467 1066 530 demers'ae·
1107 469 1170 532 Ro-

217 568 317 613 manos
330 551 467 619 homines,
482 551 602 610 victores
625 551 754 619 omnium
772 551 849 610 circa
862 550 1035 626 populorum,
1050 550 1170 628 opifices

217 651 253 690 ac
270 632 411 723 lapicidas
434 651 484 707 pro
507 629 702 688 bellatoribus
711 629 806 688 sectos
858 629 981 706 Indigna
1002 629 1062 686 Ser.
1077 629 1169 688 Tullii

217 710 293 788 regis
316 727 469 768 memorata
495 709 604 779 caedes,
623 719 652 766 et
678 708 789 766 invecta
809 709 917 784 corpori
939 707 1024 784 patris
1044 707 1171 767 nefando

217 789 347 848 vehiculo
360 788 435 860 lilia;
457 788 632 862 invocatique
653 786 756 844 ultores
770 789 915 864 parentiam
930 787 987 844 Dii.
1029 785 1083 844 His
1097 799 1211 846 atro-a

217 866 405 943 cioribusque,
428 832 527 940 bredo,
554 866 616 924 alirs
642 865 717 942 (quae
744 885 866 956 praesens
889 885 982 924 rerum
1005 864 1169 943 indignitas,

217 947 431 1022 haudquaquam
447 913 534 1004 relatir
550 945 732 1021 scriptoribus
746 945 848 1012 facilia,
861 945 987 1023 subjicit)
998 946 1169 1013 memoratis,

217 1023 363 1093 incensam
386 1024 594 1083 multitudinem
618 1023 747 1100 perpulit,
768 1035 797 1080 ut
816 1025 963 1100 imperium
978 1043 1038 1100 regi
1031 1023 1170 1114 'abroga-

216 1105 269 1172 ret,
276 1104 453 1196 exsulesque
475 1123 536 1174 esse
555 1103 667 1180 juberet
690 1101 723 1158 L.
748 1101 936 1178 Tarquinium
959 1121 1024 1159 cum
1047 1103 1169 1181 conjuge

217 1202 252 1242 ac
264 1175 368 1242 liberis.
417 1183 492 1258 Ipse,
504 1183 672 1258 junioribus,
686 1200 733 1256 qur
726 1181 819 1240 ultro
834 1181 950 1240 nomina
961 1181 1075 1252 dabant,
1088 1181 1170 1239 lectis
1182 1197 1208 1236 ιο

170 1267 171 1270 ’
217 1262 393 1352 armatisque,
408 1261 443 1326 ad
457 1261 656 1320 concitandum
673 1261 738 1318 inde
757 1261 890 1332 advorsus
903 1279 999 1336 regern
1013 1259 1170 1318 exercitum

217 1341 364 1398 Ardeam'
357 1361 385 1398 ιιι
400 1354 491 1398 castra
503 1351 548 1398 est
558 1337 718 1415 proiectus:
740 1327 925 1430 imperiumin
937 1339 1012 1396 Urbe
1024 1339 1169 1408 Lucretio,

216 1420 350 1496 praelecto
365 1417 468 1478 Urbis
458 1438 515 1495 jum
531 1417 597 1476 antri
620 1419 655 1474 ab
679 1437 745 1494 rege
760 1419 887 1476 instituto
889 1418 1049 1498 ,relinquit
1091 1418 1171 1480 Inter

217 1499 294 1556 buno
308 1497 459 1556 tumultum
474 1497 571 1556 Tullia
594 1497 678 1554 durno
702 1496 833 1574 profugit,
854 1487 1076 1565 exsecrantibus,
1100 1499 1171 1588 qua·
1217 1502 1219 1511 ’

216 1597 337 1652 cumque
352 1577 512 1656 incedebat,
534 1576 785 1652 invocantibusque
809 1576 956 1652 parentium
979 1575 1080 1634 Furias
1098 1575 1170 1635 viris
1183 1595 1207 1635 ts

216 1647 445 1732 mulieribusque.

255 1811 319 1872 LX.
342 1813 451 1872 Harum
465 1830 558 1872 rernm
573 1813 679 1871 nuntiis
693 1813 721 1871 in
734 1825 825 1878 eastra
835 1812 956 1888 perlatis,
964 1803 1049 1889 quum
1060 1833 1089 1871 re
1098 1816 1170 1872 nord

215 1893 342 1968 trepidus
355 1905 545 1970 respergeret
563 1893 683 1950 Romam
698 1893 733 1950 ad
747 1891 973 1967 comprimendos
987 1905 1087 1960 motus,
1103 1891 1171 1952 ilex·

216 1971 239 2030 it
252 1972 324 2030 viam
339 1971 443 2030 Brutus
463 1973 601 2048 (senserat
624 1973 699 2030 enim
724 1971 887 2049 adventurn)
909 1990 945 2028 ne
959 1971 1057 2028 obvius
1071 1971 1169 2043 lieret3

216 2051 371 2126 eodemque
387 2051 443 2109 sere
458 2064 592 2128 tempore,
606 2050 724 2114 dirersis
738 2051 895 2116 itineribus,
916 2050 1018 2116 Brutus
1034 2052 1168 2119 Ardeam,
1179 2074 1205 2112 su

217 2129 391 2206 Tarquinius
412 2129 542 2201 Romam,
570 2131 714 2188 venerunt.
757 2129 922 2206 Tarquinio,
947 2129 1050 2188 clausae
1073 2141 1169 2206 porte,

216 2209 403 2286 exsiliumque
425 2209 580 2268 indictum:
615 2209 790 2267 liberatorem
817 2207 900 2266 Urbis
920 2208 984 2266 laeta
1007 2221 1100 2267 eastra
1123 2229 1170 2267 ac-

217 2290 337 2363 cepere;
371 2289 518 2363 exactique
543 2289 608 2345 inde
632 2287 712 2344 liberi
739 2287 823 2364 regie.
865 2286 929 2346 Duo
950 2302 1056 2363 patrem
1079 2289 1169 2356 secuti

216 2377 291 2432 sunt,
316 2365 364 2440 qui
388 2367 544 2424 exsulatum
564 2367 651 2430 Caere
675 2367 704 2424 in
725 2366 858 2424 Etruscos
872 2366 972 2424 ierunt
1015 2368 1081 2425 Sex.
1097 2367 1170 2424 Tar·

216 2445 340 2519 quinius,
355 2445 470 2517 Gabios,
494 2457 636 2520 tamquam
658 2445 686 2502 in
708 2465 790 2502 suum
811 2464 940 2536 regnum,
963 2445 1115 2522 profectus,
1133 2447 1205 2508 abas

216 2523 353 2581 ultoribus
366 2537 489 2582 veterum
504 2524 686 2590 simultatum,
708 2544 777 2599 quas
798 2523 882 2581 sibi
876 2543 934 2600 rpse
959 2525 1085 2594 caedibns
1099 2527 1205 2602 rapi·

216 2601 316 2678 nisque
330 2603 500 2675 conciverat,
515 2616 558 2660 est
573 2603 645 2660 inter
647 2603 745 2660 lectus.
786 2601 819 2660 L.
835 2601 1010 2678 Tarquinius
1025 2605 1199 2696 Superbusg

217 2682 447 2758 regnavitannos
465 2682 587 2758 quinque
610 2693 639 2738 et
663 2682 770 2758 triginti.
812 2682 975 2758 Regnatum
1001 2683 1107 2750 Rornae,
1132 2670 1198 2740 ab⁹

216 2762 331 2819 condita
358 2759 434 2820 Urbe
461 2763 497 2818 ad
523 2761 678 2828 liberatam,
707 2779 795 2818 annos
821 2762 959 2818 ducentos
984 2726 1203 2838 quadraginta?

216 2852 343 2914 quatuor.
386 2839 452 2898 Duo
472 2841 602 2898 eonsules
614 2839 680 2897 inde
694 2830 814 2898 comitiis
828 2839 993 2898 centuriatis
1007 2859 1023 2898 a
1037 2841 1189 2918 praefecto
1182 2873 1196 2900 ι

217 2917 302 2978 Urbis
315 2939 350 2978 ex
365 2920 573 2978 commentariis
600 2920 661 2978 Ser.
689 2919 779 2978 Tullii
803 2919 890 2978 creati
912 2931 987 2992 sunt,
1010 2919 1042 2978 l.
1064 2905 1197 2980 Juniusl‘

217 2993 321 3057 Brutus
334 2999 408 3058 etL
424 2999 598 3074 Tarquinius
612 2998 777 3058 ¹Collatinus.
1182 2996 1202 3070 ἓ
