2648 4338
455 351 558 404 LlBER
573 349 644 404 xxi.
671 304 832 406 deamvi.
1076 355 1130 418 181

174 494 271 556 omnia
284 491 349 554 nire
362 497 482 574 oppleta,
496 517 593 573 quum,
607 497 705 574 signis
710 497 801 573 primi
814 497 889 556 luce
887 497 987 588 motis,
1007 498 1132 574 segniter

175 594 278 654 agmen
293 576 448 650 incederet,
463 577 630 668 pigritiaque
654 588 683 634 et
694 577 875 652 desperatio
868 597 897 634 m
911 577 1039 636 omniurn
1054 578 1132 636 vultu

173 655 332 724 emineret,
353 675 524 732 pregressrrs
544 657 627 732 signa
647 656 814 714 Hannibal
807 675 835 714 m
857 657 1046 732 promontorio
1065 677 1133 748 quo·

174 733 250 805 darn,
268 735 343 792 unde
367 733 451 812 longit
473 753 508 793 ac
528 736 584 794 late
605 748 769 811 prospectus
782 747 853 820 erat,
873 735 1028 794 consistere
1046 735 1132 812 jussis

139 826 154 868 s
174 813 311 870 militibus
338 813 449 872 Italiam
475 827 606 885 ostentat,
637 811 844 904 subjectosque
856 815 969 890 Alpinis
989 815 1133 872 montibus

175 892 419 968 Circumpadanos
438 912 575 968 campos:
568 893 793 967 '‘moeniaqne
807 911 857 950 eos
878 907 938 952 turn
951 893 1133 952 transcende·

176 981 234 1028 “re
254 989 320 1028 non»
333 969 422 1030 Italia
444 971 536 1039 modo,
557 973 714 1030 sed0etiam
735 972 813 1030 urbis
836 972 996 1030 Romanor
1029 984 1133 1032 cetera

175 1051 296 1126 “plana,
317 1051 451 1126 proclivia
471 1051 551 1109 sore:
587 1071 653 1118 uno,
681 1063 729 1109 aut
755 1071 898 1118 summurn
926 1051 1013 1110 altero
1033 1051 1132 1128 proelio

175 1139 300 1188 “arcem
318 1141 347 1188 et
369 1142 455 1206 caput
475 1130 565 1193 Italia
586 1131 619 1188 in
639 1149 727 1188 manu
747 1147 782 1189 ac
802 1141 938 1206 potestate
959 1130 1131 1188 habituros.”

143 1208 333 1266 reProoedere
347 1209 413 1267 inde
427 1227 533 1286 agmen
544 1210 647 1286 coepit3
666 1209 724 1286 J'arn
740 1209 810 1268 nihil
825 1229 861 1268 ne
870 1210 1131 1284 hostibusqurdem,

173 1301 273 1378 praeter
288 1287 459 1364 parrafurta
483 1307 532 1364 per
555 1289 747 1362 occasionem,
760 1289 944 1346 tentantibus.
987 1287 1132 1348 Caeterum

174 1367 226 1424 iter
241 1366 329 1424 multo
332 1367 437 1443 ,quim
451 1368 481 1426 in
494 1368 634 1428 adscensu
645 1368 740 1426 suerat
743 1371 811 1442 ,(ut
824 1368 956 1444 pleraque
965 1367 1081 1442 Alpium
1096 1369 1132 1426 ab

172 1445 255 1518 ltalia
269 1447 344 1506 siout
357 1447 491 1517 breviora,
506 1447 546 1505 ita
559 1448 710 1526 arrectiora
723 1414 804 1526 siant)
817 1446 961 1506 difficilius
975 1446 1046 1504 suits
1074 1465 1133 1504 om·

174 1525 218 1582 nis
231 1525 307 1583 enim
322 1526 449 1584 ferme
424 1525 470 1584 vra'
481 1541 617 1602 preceps,
632 1539 761 1602 angusta,
776 1526 885 1586 lubrica
897 1531 977 1594 erat3
1000 1537 1030 1584 ut
1039 1545 1132 1601 neque
1171 1573 1172 1581 ,

142 1625 164 1668 ιι
173 1604 313 1664 sustinere
326 1623 357 1662 se
371 1605 480 1698 elapsu
494 1618 624 1696 possent;
652 1623 722 1673 nec,-
731 1625 778 1681 qur
772 1605 937 1682 'paululum
951 1605 1131 1680 titubassent,

173 1683 279 1741 herere
293 1684 390 1742 afflicti
405 1685 522 1761 vestigio
540 1705 619 1755 suo;
641 1685 745 1761 aliique
758 1704 843 1785 super
857 1685 936 1758 alios,
951 1697 980 1742 et
1000 1649 1131 1761 jumenti

136 1773 202 1820 et
216 1763 354 1832 bomines,
367 1764 541 1822 occiderent.
641 1804 645 1817 ι

211 1918 355 1982 XXXVI.
384 1920 510 1990 Ventum
524 1887 629 1979 deinde
649 1923 685 1980 ad
707 1920 795 1980 multd
815 1889 1007 2000 angustiorem
1022 1941 1131 1998 rupem,

173 2009 256 2074 atque
271 2001 309 2058 ιιιι
323 2000 408 2058 rectis
422 2001 505 2072 saxis,
520 2015 551 2058 ut
566 2019 640 2077 tegre
629 2000 805 2092 expeditus
825 2001 907 2058 miles
927 2001 1131 2075 tentabundus,

138 2079 358 2156 ιιιιιιιιιιιιιιιιιιιιι
382 2079 508 2138 retinens
529 2080 649 2156 virgulta
675 2099 709 2138 ac
736 2082 837 2158 stirpes
863 2079 950 2138 circe
962 2081 1130 2152 eminentes,

173 2159 320 2216 demittere
333 2158 395 2218 ses'e
409 2170 511 2237 posset
554 2159 664 2218 Natura
677 2160 788 2217 locus
778 2179 836 2238 Jam
861 2160 926 2218 ante
940 2177 1074 2236 preceps,
1089 2178 1132 2218 re·

172 2238 250 2295 centi
263 2238 342 2314 lapsu
356 2245 436 2297 terrie
451 2239 480 2296 in
495 2239 599 2315 pedum
618 2239 694 2296 mille
719 2234 870 2298 admodum
892 2239 1070 2297 altitudinem
1084 2240 1133 2298 ab·

172 2328 290 2407 ruptus
283 2329 351 2377 eret.
376 2314 437 2376 lbi
450 2337 547 2394 quum,
563 2318 638 2376 velut
652 2319 687 2376 ad
708 2317 794 2376 linem
816 2319 878 2388 via,
897 2319 1007 2394 equites
1027 2319 1131 2378 consti·

172 2392 290 2467 tissent,
302 2398 414 2456 miranti
435 2397 601 2466 Hannibali,
615 2403 677 2473 quae
697 2415 742 2456 res
763 2405 918 2456 moraretur
932 2417 1045 2474 agmen
1059 2417 1132 2456 nun·

137 2475 267 2548 estiatur,
282 2495 380 2552 rupem
396 2477 499 2534 inviam
513 2495 595 2536 esse:
626 2477 779 2570 digressus
792 2478 918 2536 deinde'
911 2497 973 2554 rpse
987 2478 1022 2535 ad
1036 2477 1130 2535 locum

173 2554 330 2613 visendum.
372 2557 458 2614 Haud
472 2555 559 2613 dubia
578 2575 624 2614 res
644 2557 713 2624 visa,
734 2558 801 2634 quin
823 2575 872 2633 per
887 2557 963 2614 invia
975 2557 1054 2614 circa
1074 2575 1129 2615 nee

172 2634 237 2690 trita
256 2647 349 2703 antea,
372 2636 500 2712 quamtis
523 2635 608 2712 longo
632 2635 747 2708 ambitu,
769 2637 998 2697 circumduceret
1017 2653 1130 2711 agmen.

172 2711 217 2770 Ea
231 2714 296 2770 verti
317 2715 361 2772 via
382 2715 579 2791 insuperabilis
602 2715 672 2772 suit.
704 2735 769 2772 nam
773 2733 880 2791 ,quum
902 2733 986 2790 super
1007 2725 1130 2771 veterem

173 2791 266 2848 nivem
287 2793 422 2852 intectam
449 2809 521 2850 nora
541 2793 660 2850 modicae
675 2762 838 2852 altitudinis
865 2806 962 2861 esset,
979 2792 1055 2851 molli
1075 2811 1131 2852 nec

138 2870 294 2946 mpraealtaa
321 2873 378 2930 nivi
407 2872 489 2930 facile
516 2873 604 2949 pedes
633 2869 856 2964 ingredientium
877 2873 1064 2930 insistebant:
1098 2883 1130 2932 ut

172 2947 247 3009 ιιιιό
258 2959 299 3007 tot
319 2950 492 3009 hominum
482 2955 730 3030 Jnmentorumque
751 2952 864 3009 incessu
886 2951 994 3026 dilapsa
1007 2961 1060 3026 eet,
1080 2968 1130 3042 per

171 3028 278 3086 nudam
294 3028 367 3087 miri
379 3031 500 3106 glaciem
522 3031 713 3106 fluentemque
737 3031 831 3088 tabem
853 3029 1042 3106 liquescentis
1057 3030 1130 3088 nivis

172 3107 413 3199 ingrediebantur.
453 3107 543 3167 Tetra
557 3109 595 3166 ibi
609 3109 729 3168 luctatio
739 3121 809 3177 erat,
834 3121 865 3166 ut
879 3129 895 3166 a
909 3109 1016 3166 lubrica
1037 3109 1129 3186 glacie

172 3205 229 3245 non
244 3187 399 3263 recipiente
414 3189 573 3266 vestigium,
587 3199 616 3246 et
636 3189 665 3246 in
685 3207 774 3264 prono
794 3187 878 3246 cititis
901 3189 973 3263 pede
986 3207 1017 3245 se
1031 3189 1129 3248 sallen-

139 3277 221 3358 ιιιει
242 3277 279 3338 et,
294 3283 344 3324 seu
356 3267 507 3326 manibus
500 3279 529 3326 tn
544 3267 718 3358 assurgendo
738 3285 789 3324 seu
812 3285 887 3344 genu
903 3285 933 3324 se
947 3269 1128 3360 adjuvissent,

98 3351 100 3366 '
175 3346 241 3421 ipsis
255 3341 435 3404 adminiculis
448 3343 568 3424 prolapsi
589 3347 613 3403 si
627 3347 728 3403 iterum
749 3347 928 3413 corruissent,
951 3365 1004 3406 nec
1028 3348 1128 3423 stirpes

174 3423 253 3483 circi
265 3425 420 3493 radicesue,
435 3426 471 3484 ad
485 3441 554 3502 quas
567 3425 639 3501 pede
653 3436 701 3483 eut
715 3441 800 3483 manu
822 3426 967 3502 quisquam
982 3428 1050 3484 eniti
1065 3445 1128 3500 pos·

174 3515 227 3571 set,
241 3516 341 3574 erant3
363 3505 402 3563 ιιι
415 3505 444 3564 in
458 3505 512 3563 levi
530 3505 645 3564 tantiam
658 3504 750 3580 glaeie
771 3505 864 3562 tabidi
866 3525 920 3580 que
945 3507 1008 3564 nive
1024 3505 1128 3561 voluta·

175 3583 295 3642 bantur·
316 3583 453 3662 jumenta
477 3584 612 3643 secabant
634 3583 776 3642 interdum
795 3593 823 3642 et
840 3585 903 3662 J'am
919 3599 978 3643 tum
1001 3582 1126 3640 inlimam

141 3655 403 3740 mingredieiitia
375 3683 479 3732 nivem,
498 3676 527 3722 et
547 3665 676 3740 prolapsa·
692 3663 834 3741 jactandis
856 3665 967 3741 gravide
987 3663 1018 3719 in
1037 3660 1127 3718 conti·

174 3741 270 3801 nendo
290 3743 411 3820 ungulis,
433 3744 546 3819 penitus
565 3743 796 3820 perfringebant:
837 3755 868 3802 ut
889 3745 1029 3820 pleraque,
1051 3739 1124 3798 telnt

174 3821 277 3900 pedica
290 3833 379 3898 capta,
395 3822 554 3932 haererent
547 3841 576 3880 ιιι
591 3823 689 3880 durata
702 3833 731 3880 et
744 3823 798 3882 alte
812 3820 947 3881 concreti
960 3819 1060 3890 glacie.
1107 3847 1115 3859 ν
