2648 4338
449 353 552 404 masa
566 354 611 432 Vl:
628 367 689 406 ear.
705 370 761 406 ππ.
1049 355 1106 416 1³9
1199 379 1203 395 ¹

167 503 187 536 “
195 495 263 562 diat,
274 504 332 552 uso
344 494 474 554 adsersus
482 496 596 556 Latinos
608 497 813 574 Herniensque,¹
822 515 890 574 qnos
898 491 1094 554 falsiserimini
1109 495 1113 506 ‘

168 579 186 614 ‘¹
197 575 251 632 bus
263 575 292 630 in
307 591 383 630 arma
393 586 489 650 agant,
504 571 553 634 sed
567 577 698 638 adversus
711 596 741 633 se
755 596 789 634 ae
812 577 922 652 plebem
937 575 1106 646 Romanam,

144 653 568 718 ‚udieaatoremcreanmesse
590 640 938 730 lamomissobelquuod
948 654 1107 711 simulatum

165 738 182 769 “
193 733 238 802 sit,
254 731 283 788 in
292 731 567 806 -seimpetum'fierir
585 733 642 808 jam
657 733 820 790 dictatorem
831 733 951 808 profiteri
960 733 1109 808 patrocini·

142 816 183 871 ⁵“
193 809 598 870 umvsoeneratornm'adve'rsus
608 811 737 886 plebem:
755 812 812 888 jam
826 812 879 869 sibi
889 829 926 869 ex
938 813 1030 870 satore
1039 811 1109 868 mul·

165 888 323 949 “titudinis
344 889 451 946 orimen
473 901 501 946 at
521 890 674 966 perniciem
695 891 789 966 queri.
829 890 987 964 Offendit‚”
1003 889 1107 964 inquit,

21 497 24 566 l

21 635 26 742 l

21 743 22 788 t

165 976 183 1006 ‘⁶
196 979 233 1034 te,
242 971 284 1025 ·Α.
300 967 421 1038 Corneli,
435 975 546 1042 vosque,
561 967 657 1026 Patres
670 969 831 1045 conscripti,
845 968 1014 1026 eireumlnsa
1027 968 1109 1026 turba
1200 981 1203 990 '

165 1047 283 1120 “lateri
299 1048 381 1118 meet
421 1045 502 1107 Quin
528 1065 591 1104 earn
618 1047 750 1106 diducitis
777 1067 796 1104 a
816 1065 861 1104 me
888 1047 990 1124 singuli
1012 1047 1109 1104 vestris

165 1133 183 1163 “
196 1125 340 1200 benefieiis
363 1125 572 1196 intercedendo,
596 1125 793 1196 eximendode
808 1143 893 1184 nervo
905 1125 981 1188 eires
994 1138 1107 1196 vestros,

133 1223 156 1262 ru
165 1209 184 1241 “
196 1167 369 1278 prohibendo
377 1202 518 1278 judicatos
531 1204 711 1279 addictosque
729 1205 806 1272 duci,
829 1223 865 1262 ex
877 1211 921 1274 eb,
934 1205 1008 1278 quod
1022 1204 1109 1260 affluit

165 1282 295 1356 “opibus
312 1282 433 1348 ''vestrin
463 1283 632 1358 sustinendo¹
656 1283 836 1360 neeesqitates
851 1282 995 1339 aliorum!
1051 1283 1108 1352 Sed

165 1370 184 1398 “
195 1359 262 1434 quid
275 1379 328 1436 ego
341 1371 400 1432 vos,
413 1361 449 1416 de
469 1371 559 1418 vestro
570 1361 746 1436 impendatis,
760 1362 872 1420 hortnrl
903 1361 1012 1438 Sortem
1025 1361 1109 1416 aliam

156 1445 185 1491 ,n
198 1439 282 1496 ferte:
312 1439 449 1513 decapite
463 1439 603 1512 deducite,
616 1441 690 1514 quod
703 1439 795 1496 usuris
805 1449 1033 1516 pernumeratum
1047 1451 1108 1496 est:

166 1525 185 1555 ‘⁶
193 1515 250 1591 jam
265 1517 352 1574 nihilo
366 1536 427 1574 mea
442 1518 529 1588 turba,
553 1519 635 1593 quim
652 1517 743 1585 ullius,
757 1518 934 1594 eonspeotlor
947 1518 1008 1574 erit.
1033 1545 1035 1558 ι
1049 1524 1057 1554 ⁸
1070 1518 1110 1574 At

134 1615 157 1654 15
166 1595 302 1666 “⁸enirn,
325 1595 390 1670 qnid
413 1595 451 1654 ita
473 1595 549 1654 solus
571 1615 624 1673 ego
650 1594 754 1658 civium
769 1599 871 1666 ¹miram
892 1596 986 1672 agol'
1020 1595 1109 1652 nihilo

165 1680 185 1714 n
196 1673 294 1750 magis,
308 1673 381 1748 quod
395 1675 586 1751 respondeam,
601 1675 699 1746 habeo,
722 1675 805 1750 quarn
819 1675 976 1750 siquem,
990 1674 1056 1749 qnid
1070 1674 1110 1730 ita
1131 1707 1135 1712 -

166 1759 184 1790 ‘⁶
196 1753 272 1809 solus
286 1752 453 1826 Capitolium
464 1772 612 1828 arcemque
625 1754 798 1824 servaverim.
837 1753 876 1816 Et
889 1765 949 1810 tum
962 1751 1107 1819 universis,

165 1838 279 1906 “quam
296 1831 391 1906 potui,
417 1850 497 1906 opem
524 1832 583 1898 tuli,
607 1839 636 1888 et
657 1847 735 1889 nuno
758 1832 876 1908 singulis
897 1832 992 1888 ser-am.
1034 1831 1108 1887 Nam

166 1910 269 1984 “qnod
296 1910 331 1966 ad
355 1910 498 1966 thesauros
519 1909 642 1968 Gallicos
655 1909 761 1980 attinet,
788 1929 858 1978 rem,
885 1910 982 1984 subpte
1006 1905 1108 1966 'natura

132 2005 157 2046 aa
166 1995 185 2028 ‘⁴
197 1988 320 2060 facilem,
333 1987 475 2044 difficilem
496 1987 674 2064 interrogatio
688 1989 778 2044 'laeitz
811 2007 861 2044 our
884 1987 960 2045 enim
973 1985 1108 2063 queritis,

135 2089 136 2092 ¹
165 2068 270 2140 “quod
284 2066 388 2126 seitisl
418 2083 477 2133 eur,
499 2067 572 2141 quod
596 2067 624 2124 in
646 2067 709 2138 sinu
723 2077 813 2124 nestro
826 2077 878 2133 est,
892 2066 987 2134 errenti
1005 2065 1109 2141 jubetis

166 2152 186 2182 “
197 2141 296 2220 potiris,
310 2144 394 2218 quiam
408 2145 525 2220 ponatis,
540 2144 594 2202 nisi
607 2145 699 2220 aliqua
716 2137 921 2202 fraussubes'tl
962 2141 1030 2238 Qud
1045 2139 1110 2199 'ma-

163 2229 186 2261 at
197 2223 241 2298 gis
254 2223 334 2306 argui
348 2223 499 2298 praestigias
514 2217 744 2299 jubetis'vestr'a's,
765 2222 878 2299 euplus
891 2233 996 2289 vereor,
1010 2241 1052 2279 ne
1061 2223 1110 2278 ab·

166 2309 185 2340 ‘⁸
197 2301 329 2360 stuleritis
349 2301 558 2360 observantibus
583 2303 667 2360 etiam
693 2291 797 2360 obulos.
850 2301 948 2376 Itaque
969 2308 1028 2358 non'
1045 2317 1113 2376 ego,

126 2397 157 2438 aa
166 2387 186 2418 “
198 2381 275 2438 vobis
288 2392 319 2437 nt
332 2380 454 2438 indicem
467 2381 575 2455 praedas
589 2391 709 2452 vestras,
721 2381 771 2451 sed
794 2399 843 2439 vos
856 2380 885 2438 id
899 2380 1019 2456 eogendi
1032 2380 1108 2458 estis,

166 2460 270 2516 “utin
285 2459 408 2532 medium
422 2459 591 2535 proferatis.”
708 2447 713 2466 '

205 2615 289 2680 XVI.
321 2605 420 2677 Quum
440 2616 549 2674 mittere
574 2617 706 2694 ambages
726 2605 843 2676 diotatnr
866 2616 987 2692 juberet,
1015 2625 1111 2672 etant

166 2714 301 2772 peragere
315 2712 410 2767 rerum
426 2695 559 2752 indicium
573 2707 695 2772 cogeret,
710 2707 759 2754 ant
779 2695 858 2752 fateri
871 2695 981 2752 saeinns
995 2691 1113 2750 insimu-¹

166 2773 215 2830 lati
230 2773 298 2836 salso
312 2774 429 2830 erimine
443 2776 562 2842 senatus,
576 2775 730 2848 oblateqn'e
743 2773 808 2830 vani
822 2773 886 2843 furti
900 2773 1012 2828 invidiae
1024 2791 1042 2841 ;·
1063 2789 1111 2828 ne·

91 2881 95 2900 ι
133 2863 291 2928 rogantem,
304 2853 417 2910 arbitrio
431 2851 606 2910 inimieorum
619 2846 659 2909 se·
670 2851 845 2918 locuturum,-
858 2851 887 2908 in
910 2850 1023 2908 vinnula
1044 2845 1109 2908 duci
1166 2919 1168 2926 Α

163 2931 255 3007 jussit.
296 2925 432 3006 Arreptns
458 2950 475 2987 a
497 2925 607 2998 viatore,
641 2929 811 3005 “Jupiter,”
840 2928 936 3003 inquit,
966 2934 984 2988 4⁴
996 2927 1130 3002 Optime.

167 3015 186 3047 t‘
196 3009 330 3080 Maxime,
345 3009 474 3084 Junoque
489 3009 610 3084 Regina,
625 3028 659 3066 ae
672 3007 809 3084 Minerva,
830 3008 979 3080 oeteriqne
994 3005 1041 3065 Dii
1055 3005 1111 3072 De-

168 3094 187 3125 u
199 3107 287 3162 eque,
303 3089 350 3162 qui
365 3081 534 3162 Capitolium
553 3106 702 3162 arcemque
717 3087 845 3156 incolitis,
868 3085 975 3142 siccine
988 3093 1109 3143 restrum

169 3167 317 3224 “militem
338 3186 372 3223 an
392 3167 537 3242 praesidem
561 3167 650 3246 sinitis
676 3165 768 3222 verta'ri
796 3165 831 3222 ab
856 3155 997 3220 inimicisl
1038 3164 1110 3222 Haee

134 3251 187 3306 as“
199 3247 308 3312 dextra,
323 3247 376 3320 quat
390 3245 485 3302 Gallos
500 3244 557 3301 ludi
572 3263 588 3300 a
601 3245 723 3314 delubris
744 3245 849 3312 restris,
869 3242 926 3318 jam
948 3243 977 3300 in
992 3243 1110 3300 vinculis

169 3331 188 3360 “
199 3319 348 3395 et-eateuis
361 3323 435 3380 eritt
446 3323 463 3349 ”
505 3321 615 3379 Nullius
629 3341 683 3380 nee
699 3323 773 3380 oculi
788 3341 842 3378 neo
863 3340 943 3378 aures
961 3322 1111 3398 indignita-

167 3413 226 3460 tem
240 3403 382 3462 ierebant:
415 3401 463 3458 sed
478 3401 580 3480 invieta
600 3401 652 3482 qibi
667 3401 798 3475 ‘quedam
822 3401 1023 3476 patientissima
1043 3399 1109 3475 justi

168 3481 277 3556 imperii
292 3481 391 3538 civitas
404 3481 525 3538 fenerat:
539 3498 614 3550 ,neq
629 3479 760 3536 adversus
780 3477 953 3552 dictatoriam
977 3480 1041 3548 vim,
1062 3485 1110 3532 aut

168 3561 273 3618 tribuni
287 3561 375 3636 plebis
383 3553 434 3628 ,aut
449 3554 508 3635 ips'a
520 3559 598 3638 plebs
611 3559 733 3616 attollere
756 3558 853 3616 oeulos
873 3570 920 3616 aut
940 3559 1048 3616 hisoere
1063 3573 1110 3610 au-

134 3639 283 3700 mdebant.
322 3639 459 3714 Conjeetn
473 3639 501 3696 in
522 3633 663 3696 'carcerem
677 3637 794 3708 Manlio,
815 3637 881 3694 satis
902 3645 1019 3706 nonstat,
1032 3651 1110 3706 mag·

169 3738 235 3775 nam
249 3725 356 3794 partem
369 3717 457 3793 plebis
480 3730 583 3775 vestem
602 3717 745 3788 ‚mutrisse,·
759 3716 860 3774 multos
884 3713 1017 3772 mortales
1025 3711 1109 3785 capil-

170 3797 227 3854 lum
242 3816 276 3854 ae
290 3796 404 3853 barbam
416 3795 828 3878 promisissepobrrersatamque
841 3791 976 3852 vestibulo
988 3790 1110 3846 aareeris
