2648 4338
25 959 30 1088 t

438 365 444 396 μ
476 335 581 386 LlBlth
596 335 627 385 V.
658 349 720 386 cer.
737 349 797 386 arri.
959 363 964 378 ·
1049 333 1111 394 m

198 477 283 542 ult.
304 483 323 517 “
335 480 469 548 ‘Sed-res
482 481 543 557 ipsa
555 480 631 558 cogit
640 490 746 538 vastam
758 478 899 538 incendiis
911 466 1098 557 ruinisque'm

159 561 179 594 “
189 559 334 636 “linquere
348 561 456 628 urbem,
470 571 499 617 et
513 561 548 617 ad
567 560 677 635 integra
689 553 790 625 'omnia
812 557 898 634 Vejos
911 557 1042 644 migrare,
1055 579 1127 618 nee·

158 641 178 674 “
186 641 194 673 ‘
203 639 251 696 hlo
262 639 430 704 aedificando
443 639 555 715 inopem
569 638 681 715 plebem
695 637 824 695 vexare'·
849 637 935 696 Hanc
948 651 1042 696 autem
1053 639 1112 716 jac·

157 720 176 752 “
185 717 239 776 tari
253 719 343 794 magis
364 737 488 792 seusam,
502 717 587 794 quim
601 735 695 775 veram
715 735 787 789 esse,
801 716 847 793 (ut
865 735 920 794 ego
932 737 989 776 nou
1003 717 1111 798 dlcam)

135 800 177 840 ⁵“
186 815 322 872 apparere
336 797 423 865 vobis,
437 797 575 870 Quirites,
590 807 675 873 puto;
708 795 757 870 qui
770 791 947 874 meministis,
965 807 1034 855 ente
1047 797 1113 856 Gal·

158 875 277 934 “lorum
292 877 454 944 adventum,
478 875 561 934 salvis
578 874 660 934 tectis
680 875 802 952 publicis
821 875 1000 951 privatisque,
1021 885 1112 934 stante

158 954 324 1012 “incolumi
339 956 417 1024 urbe,
432 956 507 1013 hanc
530 954 659 1012 eamdem
685 973 745 1012 rem
762 965 857 1012 actam
878 973 952 1027 esse,
974 961 1006 1014 ut
1026 955 1113 1033 Vejos

158 1039 177 1072 “
187 1033 461 1110 transmigraremus.
502 1033 540 1092 Et
560 1033 661 1105 videte,
686 1044 821 1108 quantum
847 1034 1029 1114 intermeam
1051 1053 1114 1096 sen·

157 1112 303 1173 “tentiam
328 1124 503 1188 vestrumque
524 1111 643 1180 intersit,
664 1112 778 1170 tribuni.
819 1113 888 1179 Vos,
910 1113 1020 1184 etiamsi
1037 1126 1113 1174 tunc

25 1259 26 1290 p
125 1191 350 1253 ¹⁰“feciendum
377 1211 434 1250 non
462 1191 555 1258 luerit,
582 1210 660 1249 nunc
686 1191 786 1266 utiquc,
810 1191 971 1250 faciendum
992 1194 1112 1270 putatist

157 1277 241 1346 “ego
255 1269 363 1339 contri,
390 1271 459 1348 (nec
471 1271 501 1346 id
516 1270 607 1328 mirati
621 1270 682 1329 sitis
694 1269 779 1346 priris,
797 1270 891 1345 quem,
905 1269 987 1346 quala
996 1271 1045 1343 ¹sit,
1066 1287 1114 1332 au*

157 1349 308 1428 adieritis)
335 1349 445 1408 etiamsi
466 1361 535 1408 tunc
555 1349 733 1426 migrandum
760 1350 873 1423 ¹luisset,
901 1349 1035 1408 incolumi
1055 1352 1112 1410 tote

158 1437 178 1472 ‘⁶
186 1427 274 1500 Urbe,
289 1448 366 1492 nuno
380 1429 431 1486 has
444 1429 544 1488 ruinas.
553 1428 751 1504 relinquendas
764 1447 821 1506 non
836 1441 991 1492 censerem.
1021 1423 1114 1506 Quip-

158 1510 296 1584 “petum
320 1527 407 1566 causa
429 1507 510 1566 nobis
533 1508 562 1566 in
586 1508 684 1566 urbem
705 1519 816 1584 captam
837 1508 977 1586 migrandi
999 1509 1114 1581 victoria
1138 1569 1143 1582 ,

25 1607 26 1612 ’
127 1593 150 1633 ¹⁵
158 1587 177 1620 “
186 1597 272 1659 esset,
287 1587 408 1663 gloriosa
421 1587 502 1646 nobis
516 1590 549 1646 ao
562 1587 680 1664 posteris
694 1587 815 1657 nostris·;
843 1607 922 1646 nunc
937 1588 999 1672 heo
1012 1588 1114 1666 migra·

158 1668 177 1700 “
186 1666 226 1724 tio
243 1666 326 1724 nobis
339 1667 442 1724 misera
455 1685 489 1725 ae
508 1667 606 1744 turpis,
620 1667 710 1725 Gallis
725 1667 851 1743 vgloriosa
864 1679 932 1742 est:
965 1663 1113 1726 nonenim

158 1745 333 1820 “reliquisse
347 1745 476 1817 victores,
490 1747 539 1804 sed
559 1745 685 1804 amisisse
709 1746 786 1818 victi,
807 1747 926 1824 patriam
947 1747 1113 1806 ridebimur.

159 1825 253 1882 “Hoc
267 1825 301 1882 ad
317 1824 422 1883 Alliam
446 1825 523 1902 luga,
545 1825 608 1882 hoc'
622 1823 802 1900 eaptaUrbs‚
826 1826 881 1884 hoc
895 1825 1113 1886 circumsessum

159 1903 360 1980 “Capitolium
375 1903 552 1962 necessitatis
561 1903 736 1978 imposuisse,
750 1904 986 1962 utdesereremus
998 1917 1115 1980 penates
1159 1959 1161 1974 ,

126 1987 178 2027 ⁹⁰“
188 1993 307 2054 nostros,
322 1983 507 2057 exsiliumque
531 1979 566 2040 ac
580 1980 676 2058 sugam
689 1981 771 2039 nobis
783 2001 819 2038 ex
832 2001 867 2040 eo
881 1983 944 2040 loco
956 1983 1115 2042 conscisce-

159 2067 178 2102 “
187 2081 294 2138 remus,
306 2080 390 2137 quem
401 2061 473 2118 tueri
487 2080 544 2122 non
561 2079 724 2135 possemus:
750 2071 779 2118 ct
792 2061 866 2120 Galli
880 2074 1005 2119 evertere
1018 2073 1113 2138 potue·

158 2147 254 2200 “runt
281 2139 415 2213 Romam,
438 2159 522 2216 quam
549 2140 674 2198 Romani
700 2139 925 2203 restituerenon
945 2141 1114 2206 videbuntur

159 2226 179 2260 “
191 2219 315 2295 potuisse
327 2221 338 2276 l
378 2219 461 2280 Quid
474 2229 569 2289 restat,
584 2218 638 2276 nisi
652 2229 693 2287 ut,
707 2219 737 2292 si
741 2219 804 2296 jain.
811 2219 890 2277 novis
900 2219 989 2296 copiis
999 2221 1115 2280 ueniant

159 2306 179 2339 “
191 2299 315 2376 (constat
327 2298 403 2356 enim
418 2298 464 2356 vix
482 2298 646 2372 credibilem
661 2298 871 2364 multitudinem
885 2301 971 2379 esse),
995 2310 1025 2360 et
1037 2301 1115 2360 habi·

126 2381 150 2422 ⁹⁵
159 2385 179 2420 “
187 2389 247 2436 tare
261 2377 290 2434 in
305 2380 386 2453 capta
401 2377 436 2434 ab
457 2396 498 2445 se,
519 2377 630 2434 ‹leserttl
650 2371 766 2450 evolsis,
781 2379 835 2436 hec
848 2378 918 2436 urbe
931 2378 1027 2448 uelint,
1042 2381 1116 2438 sina·

160 2466 179 2500 “
188 2457 247 2516 tisl
287 2456 389 2518 Quidl
404 2456 441 2514 'si
454 2475 511 2514 non
532 2456 606 2514 Galli
620 2457 684 2525 hoc,
701 2457 756 2518 sed
776 2463 885 2516 veteres
906 2459 1006 2518 hostes
1020 2461 1113 2528 vestri,

160 2533 179 2565 “
190 2535 277 2612 AEqui
291 2535 433 2604 Volsone,
447 2535 563 2608 saciant,
577 2546 609 2594 ut
621 2536 809 2612 commigrent
829 2537 963 2604 Romam,
986 2538 1114 2596 velitisne

160 2612 181 2646 “
190 2615 252 2674 illos
266 2615 422 2692 Romanos,
437 2634 485 2673 vos
499 2615 635 2694 Vejentes
648 2617 729 2674 essel
757 2635 794 2674 sn
815 2615 918 2674 malitis
932 2617 1006 2674 hanc
1020 2617 1115 2674 solitu-

161 2691 285 2752 “dinem
299 2705 429 2767 ¹vestram,
443 2692 525 2770 quim
539 2695 637 2752 urbem
652 2695 861 2768 hostiumqesse
873 2696 885 2750 l
898 2720 900 2732 ·
913 2713 970 2753 non
984 2689 1114 2770 equidem
1137 2759 1139 2764 ,

128 2777 153 2820 ³⁰
161 2770 181 2804 “
190 2775 280 2846 video,
294 2773 365 2849 quid
375 2773 465 2850 magis
478 2773 558 2832 nesus
571 2773 615 2830 sit.
657 2774 729 2832 Haec
741 2773 857 2846 seelera,
868 2773 933 2848 quia
943 2774 1020 2856 piget
1030 2773 1116 2832 edit-

162 2850 181 2884 “
191 2873 266 2920 care,
281 2853 343 2910 htcc
356 2853 496 2910 dedecora
508 2853 565 2930 pati
579 2853 668 2928 parati
680 2853 767 2912 estisl
809 2853 840 2910 Si
854 2853 910 2930 tota
923 2852 996 2910 urbe
1006 2853 1115 2910 nullum

162 2931 293 2990 “melius
312 2931 466 3008 ampliusve
485 2942 592 2989 tectum
607 2930 673 2989 lieri
685 2932 782 3007 possit,
796 2931 879 3007 quim
893 2949 960 2989 casa
983 2927 1031 2989 illa
1049 2951 1116 2990 con·

162 3009 288 3070 “diteris
301 3021 344 3068 est
366 3010 468 3078 ιιοεῑτί,ι
482 3029 540 3074 non
561 3010 590 3068 in
611 3010 694 3078 cesis,
715 3011 770 3068 ritu
792 3021 937 3086 pastorum
951 3011 1116 3088 agrestium·

163 3089 254 3167 “qua
282 3090 408 3161 habitare
434 3099 478 3148 est
503 3089 591 3148 sotius
617 3089 790 3148 intersaora
808 3099 980 3166 penatesque
1001 3102 1114 3165 vestros,

63 3219 67 3228 .
129 3168 275 3246 ³⁵“qulm
295 3168 453 3226 exsulatum
473 3167 586 3244 publice
610 3168 651 3226 ire
663 3170 678 3224 l·
716 3167 839 3246 Majores
859 3167 957 3236 nostri,
978 3187 1114 3228 consertae

163 3248 182 3282 “
189 3258 380 3326 pastoresque,
394 3264 480 3321 quum
495 3247 526 3304 in,
539 3246 584 3304 his
596 3246 758 3322 locis'nihil,
772 3258 872 3324 preter
886 3247 969 3306 silvas
979 3249 1115 3326 'paludes-

162 3328 255 3404 “que‚
269 3338 354 3394 asset,
368 3343 468 3384 novam
483 3325 581 3382 urbem
595 3335 654 3384 tum
667 3325 743 3384 brevi
758 3323 933 3387 edificarunt
944 3345 956 3384 ε·
985 3347 1046 3403 nos,
1060 3330 1115 3387 Ca·

163 3407 183 3442 “
191 3405 297 3484 pitolio,
311 3423 377 3463 arce
390 3402 535 3476 incolumi,
547 3403 688 3474 stantibus
700 3404 812 3481 templis
825 3405 1113 3481 Deorum-edificare

162 3485 309 3544 “incensa
322 3483 421 3562 pigetl
454 3493 493 3560 et,
513 3477 588 3563 quod
611 3473 837 3562 singuli.laotnri
859 3485 973 3555 suimus,
995 3487 1019 3545 si
1039 3485 1114 3542 oties

129 3575 154 3616 ⁴⁰
162 3567 181 3602 “
190 3575 293 3626 nostre
307 3555 518 3642 deflagrl'asent,
531 3563 586 3624 hoo
599 3561 630 3622 in
643 3563 757 3641 publico
780 3563 913 3625 incendio
936 3563 1060 3624 universi·
1071 3581 1114 3622 re-

161 3648 322 3728 “cusamus
334 3641 466 3782 facercig'
543 3687 545 3694 ,
888 3651 892 3657 '
