2642 4338
211 341 251 424 §s
599 361 768 414 ιιιιιιιιι

211 507 334 566 “omnia
346 517 447 584 praeter
460 503 565 563 b'ellu'm
578 505 668 564 omitti
684 505 813 582 placere:
836 505 923 584 vcujus
937 504 959 563 si
974 503 1043 564 saled
1058 505 1162 566 famant

211 587 391 664 ‘frulgatam
406 605 531 662 vanaque
546 604 602 643 non
618 587 731 644 nuutios
745 584 846 652 solirm,
868 586 918 642 sed
933 586 1163 645 Tusculanorum

209 667 229 702 “
238 667 324 726 etiam
337 666 455 758 legatos,
469 664 594 725 attulisse
607 675 714 741 putent,
729 665 919 758 speculatores
930 665 1082 726 mittendos
1095 685 1164 724 cen·

210 747 229 782 “
239 765 311 819 sere,
325 747 371 820 qui
387 743 493 802 certitis
515 744 658 820 explorata
681 744 831 802 referant.
852 745 904 801 Sin
926 743 996 801 fides
1014 755 1042 801 et
1055 745 1163 803 nuntiis

210 827 267 883 “et
280 825 384 910 legatis
404 824 549 891 habeatur,
572 822 712 880 delectum
727 823 817 899 primo
836 841 945 898 quoque
965 835 1090 899 tempore
1114 824 1164 881 ba·
1184 832 1200 874 ⁵

211 905 317 974 “beri;
351 888 537 969 decemviros,
563 901 618 978 qud
632 903 742 994 cuique·
747 921 844 960 eorum
866 903 1000 974 videatur,
1022 903 1164 1008 exercitus

209 987 229 1020 “
237 985 360 1054 ducere;
381 1001 436 1041 nec
450 1001 508 1042 rem
521 981 606 1039 aliam
616 981 752 1058 praeverti.
756 981 775 1009 ”

216 1133 329 1200 XLI.
364 1141 399 1199 In
414 1142 489 1199 hanc
512 1140 681 1198 sententiam
705 1152 736 1198 ut
750 1135 974 1198 discederetur
945 1141 1091 1218 ,Junieres
1111 1141 1164 1200 Pa-

210 1233 282 1298 trum
297 1222 476 1279 evincebant
517 1219 702 1278 Ferociores
695 1229 796 1277 lterum
811 1221 899 1281 coorti
920 1220 1051 1278 Valerius
1073 1221 1164 1281 Hora

209 1302 320 1378 itusque
334 1299 530 1372 ιοριιειιιιι,Ιι
543 1311 573 1356 ut
586 1299 622 1356 de
636 1291 781 1374 republica
794 1293 893 1362 liceret
906 1299 1018 1358 dicere.
1039 1299 1199 1378 dicturostc

208 1383 227 1418 “
237 1383 272 1439 ad
277 1379 466 1472 populum,
444 1399 467 1436 st
482 1379 511 1436 in
526 1390 625 1436 senatu
639 1397 688 1454 per
702 1378 853 1436 factionem
868 1399 935 1437 non
939 1379 1040 1438 liceat:
1071 1399 1164 1456 neque

209 1465 228 1498 “
237 1462 313 1519 enirn
328 1459 381 1516 sibi
395 1459 525 1548 privatos,
540 1469 587 1515 aut
602 1459 630 1515 in
645 1455 726 1515 curia'
738 1470 786 1515 aut
808 1458 835 1514 ιιι
858 1459 1015 1516 concione
1000 1479 1103 1534 ‚posse
1115 1461 1164 1518 ob-

209 1545 229 1578 “
238 1552 328 1607 stare;
351 1557 442 1613 neque
456 1556 487 1594 se
501 1537 675 1614 imaginariis
689 1537 812 1594 fascibus
826 1555 922 1596 eorum
935 1557 1063 1596 cessuros
1070 1559 1141 1598 esse
1145 1539 1164 1567 ’¹

210 1619 288 1678 Tum
303 1583 444 1708 Appiuss
434 1635 493 1693 Jam
507 1636 590 1692 prope
605 1636 668 1674 esse
685 1629 770 1695 ratos,
793 1627 835 1688 ut,
859 1617 888 1673 ni
913 1617 1051 1675 violentie
1065 1637 1133 1676 eoru
1265 1629 1302 1725 s

208 1699 268 1776 pari
290 1698 467 1755 resisteretur
493 1696 621 1768 audacia,
648 1682 753 1752 victurii
775 1695 923 1771 imperium
952 1710 1035 1768 esset,
1066 1698 1142 1756 “No

209 1778 289 1836 “erit
315 1775 445 1882 melipsss'
459 1775 572 1850 inquit,
597 1775 678 1832 “urst
705 1775 743 1836 de
767 1793 822 1850 quo
849 1746 1035 1847 consulimus:
1064 1796 1133 1836 voce

200 1865 229 1896 ‘⁶‘
238 1856 382 1914 misisse
385 1855 455 1912 'et
468 1855 503 1911 ad
520 1854 671 1924 Valerium,
687 1866 838 1930 negantem
862 1873 892 1911 se
913 1855 1019 1930 privato
1033 1857 1151 1915 reticere

209 1937 335 2008 lictprem
351 1933 509 1992 accedere
499 1933 589 2010 Jussit.
631 1901 694 1990 Jaiu
714 1933 887 2012 Quiritium·
897 1933 981 1991 fidem
996 1932 1209 2012 implorante'

208 2015 323 2076 Valerio
342 2033 359 2071 a
380 2014 467 2071 curiae
489 2013 597 2079 limine,
623 2013 653 2070 L
677 2013 828 2070 Cornelius
849 2001 1012 2089 complexus
1027 2016 1161 2092 Appium,

209 2115 266 2154 nou
280 2109 327 2152 cur
320 2093 491 2150 simulabat
505 2092 687 2162 consulendo,
707 2093 818 2150 diremit
841 2104 1005 2152 certament
1034 2025 1210 2201 ιιιοῑιιιιιειΓ

209 2195 259 2252 per
272 2169 437 2236 borealium
452 2171 565 2229 Valerio
578 2172 692 2228 drcendt
717 2172 814 2262 Ιςιιιιιι,
838 2193 900 2247 quaa
914 2173 1005 2243 velet
1029 2193 1116 2249 quum
1131 2161 1204 2231 lt

210 2255 303 2311 bertas
324 2271 380 2309 non
406 2245 498 2307 ultra
497 2269 594 2307 vocem
617 2240 793 2341 excessisset,
816 2252 977 2309 decemviri'
989 2253 1198 2329 propositum.
1193 2285 1223 2330 ,p

208 2331 335 2390 tenuere.
377 2324 547 2388 Consulares
560 2347 672 2404 quoque
684 2349 718 2386 ac
732 2348 865 2387 seniores
885 2332 922 2388 ab
948 2333 1060 2389 residuo
1074 2333 1176 2390 tribu
1218 2346 1235 2400 ξ·-
1300 2333 1301 2380 i

209 2412 292 2470 niciae
313 2409 458 2486 potestatis
478 2409 552 2479 odic,
576 2428 657 2485 quus
671 2409 862 2484 desiderium
868 2412 900 2465 lt
904 2409 929 2466 br
951 2411 1039 2500 multu
1059 2412 1162 2484 acrius,
1201 2403 1203 2410 ’
1300 2393 1301 2479 l

209 2491 292 2567 quim
319 2487 509 2547 consularis
493 2487 621 2563 imperii,
648 2487 781 2550 rebantur
807 2508 881 2562 esse,
901 2509 985 2581 prope
994 2487 1161 2562 malebant,
1176 2505 1195 2544 a

208 2567 376 2662 postmodo
369 2587 443 2643 rpsos
456 2566 630 2624 decemviros
644 2567 786 2624 voluntate
799 2567 876 2624 abire
890 2569 1064 2660 magistratu,
1079 2571 1162 2646 quim

209 2649 316 2707 mvidid
335 2666 432 2706 eorum
455 2663 607 2722 exsurgere
633 2665 730 2702 rursus
756 2647 886 2722 plebem·
920 2649 943 2706 si
964 2649 1066 2706 leniter
1093 2650 1202 2707 duc·

208 2739 238 2786 ta
265 2747 311 2789 res
337 2726 398 2784 sine
425 2725 551 2816 populari
585 2725 713 2805 strepitu
735 2725 770 2782 ad
797 2725 928 2787 consules
948 2729 1081 2820 redisset,
1115 2739 1163 2786 aut

209 2807 290 2866 bellis
316 2805 496 2882 interpositis,
523 2815 571 2863 aut
598 2795 789 2862 t'uoderatione
812 2806 994 2864 consulum
987 2827 1016 2864 ιιι
1039 2808 1158 2886 imperiis

209 2885 386 2958 exercendis,
412 2903 494 2960 posse
525 2884 554 2941 in
579 2883 748 2941 oblivionem
775 2884 950 2943 tribunorum
976 2887 1088 2977 plebem
1115 2888 1154 2945 ad
1295 2919 1299 2988 ι

208 2966 284 3024 duci.
310 2965 446 3023 Silentio
472 2963 587 3020 Petrum
611 2963 732 3020 edicitur
752 2963 898 3023 delectus:
926 2948 1220 3055 junioresquurl1

209 3043 270 3102 sine
291 3043 488 3120 prdvocatione
506 3041 657 3134 imperium
682 3053 763 3112 esset,
789 3043 824 3100 ad
847 3045 962 3102 nomina
983 3040 1178 3122 respondenti.

209 3121 383 3200 Legionibus
426 3122 549 3198 scriptia,
584 3121 656 3179 inter
695 3141 726 3179 sc
764 3122 835 3180 dece
838 3123 917 3220 Jnviri
952 3086 1259 3216 comparabantlbs

209 3221 277 3268 auos
304 3202 344 3260 ire
370 3203 407 3260 ad
434 3201 548 3274 bellum,
579 3217 649 3277 quos
674 3221 794 3278 praeesse
817 3143 988 3262 exercitibus
1013 3224 1067 3280 opo
1069 3215 1161 3262 steret.

209 3279 384 3356 Principes'
378 3293 450 3339 tuter
471 3281 647 3338 decemviros
666 3293 747 3340 erant
767 3281 807 3344 Q
823 3281 929 3352 Fabius
949 3295 978 3340 et
1000 3285 1054 3358 Ap
1071 3281 1162 3340 Clau·
1170 3301 1198 3340 as

209 3361 292 3418 dius.
314 3360 419 3418 bellum
440 3360 516 3418 dorni
541 3359 640 3436 majus,
662 3363 751 3436 quem
775 3361 850 3433 foris,
874 3362 1032 3438 apparebat.
1075 3362 1161 3438 Appii

210 3439 371 3498 violentiam
386 3439 520 3533 aptiorem
536 3440 587 3496 rati
612 3440 647 3496 ad
671 3441 898 3520 comprimendos
916 3442 1038 3516 urbanos
1052 3454 1160 3500 motus:

210 3519 239 3578 in
254 3518 344 3577 Fabio
357 3517 449 3575 mimis
463 3519 492 3575 in
507 3519 581 3576 bono
602 3530 744 3589 constans,
764 3519 848 3592 quarn
870 3535 972 3576 navum
995 3519 1023 3576 in
1046 3521 1161 3587 malitis,

209 3599 355 3676 ingenium
370 3615 451 3655 esse·
473 3597 550 3658 bunc
563 3596 639 3653 enim
653 3597 741 3652 virum
745 3597 915 3672 ,egregium
934 3598 1000 3655 olim
1016 3600 1091 3658 domi
1113 3601 1163 3659 mi·

209 3677 294 3754 lititeq
297 3697 340 3748 tte,
355 3675 560 3744 decemviratus
573 3673 765 3750 collegaque
759 3687 797 3733 tta
816 3690 998 3747 mutaverant,
1014 3691 1044 3738 ut
1065 3681 1160 3757 Appii,
1171 3695 1195 3736 o

209 3756 292 3832 quam
309 3757 373 3828 sni,
400 3755 499 3818 similis
525 3754 620 3811 mallet
646 3774 718 3814 esse.
770 3755 847 3813 Huic
869 3756 1001 3830 bellum
994 3759 1160 3826 insomnis,

210 3835 309 3894 Manio
323 3835 464 3913 Rabulejc
485 3843 514 3891 et
530 3833 570 3896 (ιιι
586 3833 703 3892 Poetalio
717 3835 819 3894 additis
842 3836 967 3914 collegis,
990 3840 1161 3897 mandatum.
