2648 4340
517 343 619 424 tissa
637 375 655 424 ι.
678 388 786 426 craia
1076 337 1079 346 ’
1106 377 1127 438 7

172 520 289 580 Creiisa
310 529 397 576 matre
418 516 471 576 llio
491 517 626 576 incolumi
647 531 738 586 natus,
754 537 903 594 comesque
922 518 989 578 inde
1001 530 1125 596 paterna

87 667 89 674 ,
171 601 354 675 sugae,quem
369 599 461 654 lulum
476 598 607 654 eumdem
622 597 698 654 Julia
711 617 781 674 gens
794 609 937 656 auctorem
949 599 1071 656 nominis
1081 599 1124 656 tui

94 693 96 698 ·
171 688 333 765 nuncupat.
374 677 404 734 Is
425 677 577 742 Ascanius,
597 677 768 750 ubicumque
789 687 818 736 et
837 695 1014 752 quacumque
1036 689 1124 735 matre

170 757 291 832 genitus
313 756 402 832 (certe
427 767 523 812 natum
548 755 643 814 AEneti
670 761 803 834 constat),
825 756 985 812 abundante
1013 755 1124 814 lavinii

149 835 366 901 smultitudine,
383 834 553 892 florentem'
543 851 600 910 yam
617 833 660 910 (ut
674 845 733 891 turn
748 853 792 891 res
805 835 899 912 erant)
913 847 996 910 atque
1009 835 1125 911 opulen-

170 927 232 971 tam
247 915 346 972 urbem
369 913 459 979 matri,
474 931 523 968 seu
546 931 675 970 noverca
678 913 825 1002 ,reliquit:
847 931 946 970 novam
967 913 1026 989 ipsc
1041 914 1123 970 aliam

172 993 229 1049 sub
244 991 357 1050 Albano
372 1003 466 1048 monte
480 989 625 1059 condidit3
645 1011 717 1066 que,
732 992 768 1048 ab
781 992 835 1048 situ
850 1003 985 1066 porrecte
999 993 1028 1050 in
1042 993 1125 1050 dorso

171 1071 262 1141 urbis,
287 1071 385 1146 longa
406 1071 482 1127 Alba
502 1071 648 1146 appellata.
695 1069 774 1126 luter
802 1069 950 1126 Lavinium
971 1081 1000 1128 et
1020 1071 1123 1128 Albam

172 1151 303 1244 Longam
319 1150 456 1231 coloniam
472 1149 623 1206 deductam
637 1149 751 1238 triginta
765 1148 852 1205 ferme
866 1147 1018 1206 interfuere
1037 1149 1123 1207 anni:

136 1229 286 1286 autentum
302 1222 396 1300 tamen
417 1247 484 1302 opes
505 1240 659 1293 creverant,
674 1228 794 1286 maxime
785 1227 879 1284 lusis
893 1227 1028 1298 Etruscis,
1042 1239 1073 1285 ut
1087 1249 1123 1286 na

172 1319 265 1364 morte
279 1293 391 1382 quidem
415 1305 524 1378 AE,neae
540 1325 593 1362 uec
607 1307 710 1363 deinde
731 1307 804 1362 inter
824 1305 989 1362 muliebrem
1007 1275 1123 1364 tirtelam

171 1387 420 1459 rudimentumque
441 1385 561 1459 primurn
582 1385 696 1460 puerilis
724 1385 813 1460 regni,
835 1403 946 1441 movere
974 1403 1052 1441 arrna
1075 1399 1123 1442 aut

88 1531 91 1536 Ι
171 1464 339 1522 Mezentius
360 1463 537 1536 Etruscique,
553 1463 663 1522 autulii
685 1463 731 1520 alii
752 1463 857 1520 accolae
877 1463 937 1520 ausi
958 1464 1023 1520 sint.
1064 1463 1122 1521 Pax

171 1545 213 1600 ita
226 1554 406 1608 convenerat,
422 1553 452 1598 ut
467 1541 594 1598 Etruscis
615 1542 778 1616 Latinisque
794 1541 1011 1599 fluvius‘Albula
1026 1539 1121 1618 (quem

136 1639 253 1678 renunc
278 1621 406 1678 Tiberim
430 1623 543 1698 vocant)
559 1619 623 1677 finis
643 1632 725 1677 esset.
767 1621 871 1678 Silvius
892 1621 995 1678 deinde
1013 1635 1122 1698 regnat,

171 1700 295 1756 Ascanii
310 1699 392 1768 filius,
407 1719 474 1756 casu
496 1700 616 1774 quodam
632 1699 660 1756 in
675 1699 751 1756 silvis
766 1709 856 1757 natus.
898 1699 926 1756 ls
941 1701 1053 1756 AEnean
1069 1702 1123 1758 Sil·

86 1802 89 1808 ’
171 1779 251 1836 vium
272 1785 366 1834 creat:
388 1779 411 1834 is
430 1778 533 1834 deinde
555 1777 687 1834 Latinum
710 1779 838 1836 Silvium.
880 1779 926 1836 Ab
950 1798 984 1835 eo
1003 1780 1122 1836 colonia

171 1858 278 1932 aliquot
306 1859 443 1924 deducta,
473 1853 680 1914 Priscl'Latini
708 1858 846 1932 appellati.
893 1858 999 1914 Mansit
1027 1859 1121 1915 Silviis

170 1948 270 2012 postea
292 1937 423 1993 omuibus
446 1955 613 2010 cognomen,
635 1936 682 2010 qui
705 1936 786 1992 Albe
807 1937 969 2012 regnarunt.
1021 1936 1121 1993 Latino

134 2031 161 2069 m
172 2015 249 2071 Alba
262 2026 348 2085 ortus,
364 2015 438 2072 Alba
447 2015 534 2088 Atys,
550 2016 623 2088 Atye
638 2015 740 2088 Capys,
755 2014 851 2103 Capye
866 2015 999 2090 Capetus,
1014 2015 1119 2090 Capeto

171 2093 346 2172 Tiberinus3
367 2093 423 2166 qui,
439 2093 467 2148 in
489 2093 606 2167 trajectu
624 2093 733 2148 Albulae
755 2093 845 2150 amnis
865 2093 1034 2162 submersae,
1050 2094 1116 2150 cele·

171 2173 222 2229 bre
238 2173 273 2228 ad
287 2186 411 2247 posteros
425 2188 528 2228 nomen
543 2171 650 2227 flumini
666 2171 752 2228 dedit
793 2171 919 2246 Agrippa
940 2172 1014 2242 inde,
1034 2171 1109 2230 Tibe

170 2252 227 2308 rint
221 2251 333 2318 filius3
354 2263 416 2326 post
430 2251 586 2325 Agrippam
600 2249 740 2306 Romulus
755 2250 867 2317 Silvius,
883 2263 989 2325 epatre
1004 2265 1122 2325 accepto

172 2329 301 2404 imperio,
315 2339 422 2404 regnat.
466 2329 616 2396 Αιιιιιιίιιο,
632 2329 770 2385 fulmine
763 2347 822 2403 ipse
844 2329 945 2399 ictus,
940 2348 1057 2406 regnum
1073 2351 1121 2406 per

135 2423 274 2478 ernanus
288 2409 420 2464 tradidit:
442 2407 473 2476 is,
488 2408 613 2482 sepultus
633 2407 662 2464 in
684 2425 717 2464 eo
737 2408 819 2479 colle,
833 2408 879 2482 qui
894 2415 975 2465 nuuc'
992 2420 1035 2466 est
1058 2429 1121 2484 pars

169 2487 313 2543 Romania
335 2487 421 2558 urbis,
442 2505 599 2562 cognomen
621 2487 685 2544 colli
707 2486 784 2544 secit.¹
824 2487 912 2544 Proca
935 2487 1038 2544 deinde
1060 2507 1121 2564 reg·

170 2576 237 2622 nat:
269 2565 293 2621 is
314 2565 490 2636 Numitorem
512 2577 594 2638 atque
615 2565 760 2624 Amulium
781 2577 917 2640 procreat.
966 2565 1119 2632 Numitori,

114 2660 124 2681 ι
170 2644 222 2718 qui
245 2644 338 2719 stirpis
359 2644 496 2700 maximus
515 2657 583 2716 erat,
606 2663 740 2741 regnum
746 2655 884 2700 vetustum
907 2645 1000 2700 Silvia
1028 2645 1120 2720 gentis

105 2722 257 2798 legat.
307 2721 372 2778 Plds
392 2735 486 2778 tamen
507 2723 548 2778 vis
569 2723 671 2798 ροιιιίι,
690 2723 773 2796 quam
803 2723 929 2780 voluntas
955 2723 1120 2798 patrissat

136 2801 346 2861 soverecundia
373 2802 470 2858 atatis.
508 2801 602 2858 Pulso
631 2802 723 2866 fratre,
746 2802 876 2858 Amulius
897 2812 1014 2876 regnat·
1043 2803 1121 2859 addit

174 2879 275 2936 sceleri
290 2880 398 2936 scelus.
420 2875 532 2955 stirpem
547 2879 639 2936 fratris
649 2881 777 2938 virilem
771 2880 920 2938 interimit.
943 2880 1034 2936 fratris
1044 2881 1118 2948 fitia,

172 2957 267 3016 Rheae
288 2957 390 3024 Silvia,
412 2978 460 3033 per
479 2960 612 3049 speciem
635 2957 755 3026 lionoris,
777 2977 861 3054 quum
892 2957 1032 3016 Vestalem
1056 2979 1119 3017 eam

159 3037 298 3112 legisset,
312 3039 447 3112 perpetui
461 3037 617 3113 virginitate
632 3057 709 3114 spem
723 3041 816 3114 paruis
830 3037 935 3094 adimit.

221 3193 274 3251 IV.
306 3194 363 3250 Sed
384 3195 551 3265 debebatur,
569 3206 599 3253 ut
618 3196 725 3270 opinor,
747 3197 810 3252 satis
826 3205 914 3254 tante
934 3169 1012 3287 origo
1031 3199 1118 3272 urbis,

136 3272 345 3347 usmerintique
359 3275 514 3330 secundum
527 3274 650 3330 Deorum
662 3295 729 3364 opes
741 3275 849 3348 imperii
863 3275 1040 3351 principium
1081 3246 1118 3335 Vi

148 3371 335 3426 compressa
355 3353 487 3424 Vestalis,
507 3369 592 3426 quum
614 3353 756 3428 geminum
776 3363 883 3428 parturn
905 3355 1048 3424 edidisset,
1066 3375 1117 3414 seu

173 3431 214 3488 ita
228 3441 297 3500 rata,
311 3449 360 3487 reu
373 3431 438 3504 quia
453 3431 530 3487 Deus
544 3443 640 3488 auctor
655 3432 744 3507 culpa
759 3432 980 3500 honestiorem,
996 3433 1116 3492 Martem
1142 3439 1145 3452 '

172 3510 291 3567 incertae
299 3509 391 3584 stirpis
399 3523 505 3584 patrem
520 3523 672 3584 nuncupat.
715 3513 770 3569 Sed
781 3531 834 3568 nec
848 3513 905 3584 Dii,
915 3513 1116 3584 necbomineS,

172 3599 223 3646 aut
237 3587 326 3677 ipsam
340 3601 388 3644 aut
402 3588 515 3664 stirpem
529 3607 546 3645 a
559 3591 723 3648 crudelitate
746 3591 823 3680 regii
844 3592 1004 3648 vindicant:
1025 3609 1118 3648 sacer·

136 3691 162 3730 to
172 3668 224 3724 dos
238 3666 333 3722 vincta
346 3667 375 3722 in
382 3668 545 3730 custodiam
557 3669 651 3725 datur·
644 3687 765 3744 ,pueros
780 3671 808 3726 in
819 3669 1002 3760 profluentem
1016 3669 1116 3744 aquarn

171 3745 246 3804 mitti
271 3745 358 3820 jubet.
408 3745 491 3802 Forte
512 3747 632 3836 quddam
654 3749 787 3805 divinitus
806 3768 888 3823 super
907 3751 983 3840 ripas
1002 3749 1117 3806 Tiberis
1194 3790 1199 3797 ·

168 3825 280 3884 effusus
300 3822 409 3880 lenibus
429 3826 543 3900 stagnis,
565 3845 619 3884 nec
641 3827 709 3884 adiri
729 3839 843 3902 usquam
864 3829 898 3884 ad
917 3828 984 3904 justi
1004 3847 1117 3888 cursum
