2648 4338
445 309 547 396 tissa
562 342 633 394 xxt.
652 357 713 396 cnr.
724 357 797 395 κων.
1007 340 1012 349 ’
1058 345 1114 404 187

167 481 261 542 “risu
275 495 349 542 suut.
389 481 465 544 Nam
478 487 591 563 dempto
604 488 658 546 hoc
672 505 729 544 uno
743 485 851 563 strigare
872 483 993 544 nominis
1007 483 1115 544 Roma·

156 561 235 652 '‘tai,
258 563 325 637 quid
347 575 397 635 est,
421 585 472 623 cur
493 566 532 622 ilii
556 566 633 622 vobis
653 565 833 640 comparandi
855 565 932 622 sint?
974 563 1011 621 Ut
1024 565 1115 640 vigin-

165 648 215 696 “tr
231 651 384 700 'annorum
410 645 538 702 militiam
572 655 690 704 vestram
723 661 805 706 cum,
823 643 878 700 itta
897 643 1013 713 virtute,
1048 661 1114 699 cum

166 718 239 775 “ilii
262 719 370 777 fortuni
391 731 522 792 taceam3
556 723 591 779 ab
618 722 751 779 Herculis
769 721 918 791 columnis,
940 721 975 778 ab
995 721 1115 779 Oceano

144 805 186 870 5⁶4
194 797 377 873 terminisque
390 800 495 858 ultimis
513 813 659 867 terrarum,
680 819 730 876 per
751 810 792 857 tot
805 797 997 856 seioci‘ssimos·
1014 799 1116 876 Hispa·

166 875 249 966 “nie
263 887 292 954 et
304 877 403 934 Gallie
424 880 549 954 populos,
564 879 709 936 vincentes
723 879 780 936 huc
800 869 981 954 pervenistisi
1006 897 1116 956 pugna·

166 955 261 1011 “brus
273 973 339 1012 eum
353 958 592 1030 exercitantum,
606 958 660 1014 hac
684 957 744 1033 ipsd
758 967 854 1017 estate
868 971 950 1023 caeso,
965 957 1047 1027 victo,
1062 957 1116 1014 cir·

166 1035 338 1092 “cumaesso
356 1053 376 1091 a
395 1037 493 1108 Gallis,
517 1037 613 1112 ignoto
634 1037 727 1093 adhuc
750 1036 817 1094 duci
838 1055 899 1102 suo,
921 1035 1115 1112 ignorantique

166 1120 184 1146 ‘⁴
194 1111 305 1170 ducem.
323 1177 325 1183 ¹
345 1115 395 1172 A'n
409 1133 464 1182 me,
479 1116 508 1172 in
522 1115 649 1191 pretorio
662 1115 757 1192 patris,
771 1113 918 1171 clarissimi
933 1115 1115 1189 imperatoris,

134 1223 156 1263 10
166 1189 280 1266 “prope
294 1203 402 1261 uatum,
417 1196 495 1252 certe
509 1195 654 1261 eductum,
669 1193 833 1265 domitorem
846 1193 991 1268 Hispania
1005 1193 1117 1250 Gattiae-

166 1277 258 1342 “que
285 1270 418 1329 victorem
443 1273 576 1330 eumdem
601 1291 659 1330 nou
687 1269 851 1348 Alpinarum
871 1270 956 1328 niodo
976 1272 1115 1347 gentium,

166 1347 244 1404 “sed
259 1347 381 1424 ipsarum
397 1351 482 1428 (quod
497 1351 585 1409 muitd
599 1352 689 1428 majus
702 1353 758 1430 ast)
784 1351 910 1427 Alpium,
934 1369 999 1408 cum
1014 1369 1118 1407 semes-

166 1426 229 1482 “tri
256 1427 310 1484 hoc
323 1431 473 1510 'conseram
487 1431 570 1504 duce,
591 1431 733 1488 desertore
754 1430 892 1486 exercitos
917 1424 980 1486 sdtt
1023 1429 1117 1487 Caini

166 1505 265 1594 “fquis,
279 1507 401 1583 demptis
421 1510 519 1586 signis,
540 1509 644 1567 Poenos
664 1509 864 1584 Romanosque
874 1508 963 1570 ¹hodie
977 1509 1116 1574 ostendat,

134 1592 390 1659 15“tgacraturum.
409 1601 518 1647 certum
539 1588 639 1658 habeo,
670 1587 760 1645 utrius
790 1587 931 1644 exercitus
952 1587 1116 1662 sit'consui

166 1661 262 1720 “Non
274 1683 330 1740 ego
344 1665 411 1724 iilud
426 1668 502 1744 parvi
516 1667 634 1739 aestimo,
656 1655 768 1735 milites,
792 1665 866 1741 quod
890 1658 975 1724 neino
992 1665 1117 1724 vestrum

166 1750 185 1776 ‘⁴
194 1752 248 1808 ert,
262 1743 344 1819 cujus
357 1765 414 1804 non
426 1746 597 1805 anteoculos
607 1746 668 1822 ipse
677 1763 753 1824 *sepe
762 1745 887 1802 'militare
901 1745 1012 1821 aliquod
1023 1745 1119 1802 edide-

167 1821 248 1878 “rim
263 1821 391 1893 facinus:
413 1826 459 1883 cui
473 1834 530 1883 nou
545 1825 619 1882 idem
634 1843 697 1900 ego,
712 1824 820 1882 virtutis
834 1825 1015 1899 spectator'ac
1027 1819 1117 1891 testis,

167 1907 293 1967 “notata
321 1905 493 1980 temporibus
519 1904 642 1978 locisque
670 1903 773 1960 referre
797 1921 848 1959 sua
873 1903 976 1977 possim
1006 1903 1118 1960 decora.
1207 1945 1210 1950 ,

131 2012 156 2053 ω
166 1981 184 2014 “
195 1977 404 2043 Cum-laudatis
417 1991 436 2040 a'
447 2001 492 2040 me
507 1981 607 2039 millies
628 1982 803 2056 donatisque,
827 1981 958 2052 alumnus
972 1979 1048 2056 prius
1061 2000 1120 2038 om·

166 2055 275 2146 “pium
289 2061 414 2120 vestrdm
435 2060 519 2153 quim
541 2055 699 2136 imperatur,
726 2059 877 2137 procedam
901 2059 1119 2132 aciettdrersus

166 2143 186 2184 ‘t
195 2139 306 2212 ignotos
320 2140 392 2198 inter
406 2161 436 2199 se
451 2151 676 2218 ignorantesque.
951 2161 955 2172 ¹

198 2255 201 2262 .
245 2253 247 2258 -
281 2249 283 2258 ι
414 2237 415 2242 ’
823 2237 827 2265 t

169 2324 172 2335 ·
204 2295 313 2357 XLI'V.
354 2297 574 2376 “Quocumque
604 2297 766 2356 circumtuli
793 2297 900 2366 oculos,
921 2297 1005 2374 plena
1024 2296 1120 2355 omnia

164 2373 275 2436 “video
289 2379 446 2437 animorum
465 2397 499 2436 ac
521 2377 653 2448 rabarias
673 2387 835 2434 veteranum
850 2377 982 2452 peditem,
1004 2395 1121 2454 genero·

131 2453 185 2530 ,δι’
194 2456 366 2516 sissimarum
380 2458 508 2534 gentium
522 2457 631 2533 equites
645 2450 769 2514 frenatos
791 2469 820 2512 et
838 2456 1001 2524 infrenatos,
1016 2475 1065 2513 vos
1078 2475 1121 2512 so-

165 2532 185 2566 “
194 2537 254 2594 cios
267 2537 444 2594 fidelissimos
458 2537 687 2614 fortissimosque,
700 2553 750 2592 vos
759 2535 1018 2611 Carthaginienses,
1033 2533 1119 2610 quur'n

165 2609 230 2672 “ob
244 2617 371 2691 patriam,
385 2627 445 2674 tum
458 2615 495 2673 ob
509 2616 576 2673 iram
590 2615 782 2691 justissimam,
796 2625 977 2688 pugnaturos.
1019 2613 1120 2670 Inferi·

166 2691 259 2774 “mus
284 2695 399 2761 bellurn,
424 2689 593 2770 infestisque·
607 2693 696 2770 signis
719 2693 919 2750 descendimus
945 2691 974 2748 in
996 2691 1119 2759 Italiam,

166 2770 273 2830 “tantd
286 2773 426 2832 audacius
446 2771 598 2848 fortidsque
623 2771 784 2848 pugnaturi,
805 2769 914 2845 quautd‘
938 2769 1026 2846 major
1046 2788 1119 2844 spes,

133 2850 283 2928 „⁴‘mujor
303 2863 346 2909 est
365 2853 476 2910 animus
490 2851 636 2908 inferentis
650 2848 954 2925 rim,'qudptarcentis.
976 2848 1121 2906 Accendit

166 2929 187 2964 “
195 2941 334 3007 praeteqea
347 2932 456 2988 animos
468 2945 497 2988 et
510 2929 634 2987 stimulat
651 2929 737 2998 dolor,
752 2927 863 3004 injuria,
878 2928 1051 3004 indignitas:
1085 2927 1121 2984 ad

167 3009 187 3046 “
195 2999 365 3088 supplicium
379 3009 607 3086 depoposcerunt
617 3025 662 3065 me
676 3007 779 3064 ducem
800 3005 930 3082 primurn,
955 3005 1059 3063 deinde
1073 3025 1122 3064 vos

167 3089 305 3166 “ornnes,
316 3087 363 3163 qui
378 3089 536 3165 Saguntum
549 3085 763 3164 oppugnassetis
776 3105 783 3141 ε
812 3085 921 3142 deditos
941 3085 1046 3142 ultimis
1059 3105 1122 3144 cru·

168 3167 318 3226 “ciatibus
331 3167 458 3224 affecturi
474 3167 596 3238 suerunt.
619 3165 842 3242 xcrudelissima
865 3183 899 3220 ac
923 3163 1123 3240 superbissima

133 3249 187 3321 μί(
196 3241 271 3324 gens
280 3265 332 3304 sua
345 3245 440 3302 omnia
453 3245 552 3320 suique
566 3243 672 3308 arbitrii
687 3243 763 3300 facit.
793 3243 878 3308 Cum
892 3243 994 3318 quibus
1008 3240 1121 3313 beilum,

169 3328 189 3364 “
198 3343 262 3384 cum
276 3325 378 3402 quibus
392 3342 492 3400 pacem
506 3323 668 3392 habeamus,
683 3341 713 3378 se
728 3322 842 3379 modum
854 3322 997 3397 imponere
1012 3340 1121 3398 equum

170 3407 314 3464 “censen
344 3402 552 3468 circumscribit
571 3401 745 3476 includitque
765 3405 817 3458 no'r
836 3401 964 3462 terminis
984 3401 1121 3460 montium

170 3483 412 3559 “fluminumque
433 3499 502 3557 quos
522 3499 558 3538 ne
579 3481 781 3550 excedamusp
801 3494 892 3556 neque
914 3500 971 3553 eos,
985 3499 1054 3556 quos
1067 3489 1122 3536 sta-

170 3567 190 3602 “
199 3564 262 3636 tuit,
275 3563 410 3621 terminos
423 3562 560 3620 observat.
581 3587 583 3594 v
600 3561 668 3619 ‘Ne
682 3559 826 3618 transieris
840 3559 974 3618 Iberum:
1004 3555 1121 3632 nequid

136 3643 257 3716 „Uret
271 3643 320 3700 tibi
335 3643 449 3700 sitcum
462 3640 635 3718 Saguntinis.
677 3639 724 3696 Ad
748 3637 862 3696 Iberum
886 3650 929 3696 est
947 3641 1121 3713 Saguntum:

172 3727 191 3762 “
200 3725 209 3760 ‘
218 3739 356 3795 nusquam
370 3736 397 3779 te
410 3715 676 3796 vestigiomov'eris.’
717 3718 837 3775 ‘Parum
851 3729 904 3790 est,
917 3717 990 3791 quod
1011 3713 1123 3772 veterri-

171 3807 191 3841 “
200 3806 208 3840 ‘
218 3819 279 3862 mas
292 3795 449 3877 provincias
463 3817 540 3856 meas
554 3788 680 3856 Siciliam
694 3807 723 3854 et
737 3797 896 3855 Sardiniam
908 3793 1024 3852 adimis:
1038 3794 1122 3852 etiam
