2648 4340
469 327 573 380 LIBER
588 330 607 378 l.
629 343 690 379 car.
702 344 776 380 xxxv.
1058 334 1098 394 35

135 469 249 546 cupido
267 471 417 539 honorum,
436 483 467 530 et
490 473 537 531 cui
556 473 706 548 Tarquinii
728 485 853 531 materna
875 472 984 531 tantum
1008 475 1097 552 patria

136 553 225 607 esset.
276 552 402 609 Sublatis
426 551 518 628 itaque
540 553 633 623 rebus,
658 554 844 629 commigrant
867 553 997 610 Romam.
1048 555 1095 613 Ad

137 628 311 696 Janiculum
325 631 523 689 forte'ventum
537 643 613 690 crat:
635 631 725 704 ibici,
750 642 883 707 carpento
907 632 1015 690 sedenti
1030 653 1095 692 cum

138 726 239 780 uxore,
255 710 357 784 aquila,
372 712 516 786 suspensis
529 711 652 768 demissa
675 711 775 768 leniter
795 711 855 783 alis,
869 709 973 786 pileum
986 713 1096 783 ausert3

117 803 283 863 ssuperque
297 801 462 865 carpentum
477 809 542 848 cum
565 809 668 866 magno
691 789 823 866 clangore
843 791 969 860 volitans,
991 811 1096 864 rursus,

139 865 219 926 velut
234 868 389 926 ministerio
403 869 536 926 divinitus
557 869 651 942 missa,
673 869 758 945 capiti
783 867 846 943 apte
871 871 998 945 reponit:
1030 871 1096 928 inde

140 944 272 1039 sublanis
287 947 363 1024 abiit.
406 948 561 1024 Accepisse
575 948 603 1004 id
625 948 775 1023 augurium
798 948 861 1005 laeta
885 949 988 1006 dicitur
1002 949 1098 1008 Tana-

140 1023 213 1098 quil‚·
223 1019 320 1100 perita,
336 1037 367 1084 ut
380 1026 463 1103 vulgd
478 1027 602 1093 Etrusci,
616 1027 772 1084 coelestium
787 1028 974 1102 prodigiorum
987 1029 1095 1087 mulier.

141 1101 267 1162 Excelsa
280 1119 309 1162 et
327 1106 382 1164 alta
402 1125 514 1182 sperare
536 1106 682 1182 complexa
703 1106 790 1163 virum
811 1107 909 1181 jubet:
940 1111 957 1142 “
970 1127 1032 1166 eam
1047 1109 1097 1166 ali-

111 1185 160 1239 n“
174 1194 233 1240 tem
255 1185 287 1242 cd
310 1187 426 1262 regione
446 1185 510 1242 coeli
531 1197 560 1242 et
573 1185 634 1262 ejus
655 1185 710 1242 Dei
731 1185 857 1242 nrntiam
874 1187 998 1244 venisse:
1019 1188 1098 1246 circa

142 1263 161 1296 “
173 1281 317 1320 summurn
331 1265 444 1321 culmen
459 1265 581 1322 hominis
595 1265 751 1340 auspicium
777 1265 894 1321 secisse:
924 1265 1031 1322 levasse
1047 1267 1098 1326 bu·

143 1343 161 1374 ‘⁴
174 1361 258 1400 mano
273 1345 478 1418 superpositum
502 1344 587 1418 capiti
609 1344 707 1412 decus,
732 1355 763 1400 ut
776 1344 909 1401 divinitus
923 1343 1015 1401 cidem
1036 1347 1097 1403 red·

142 1422 162 1454 “
174 1422 284 1479 deret.''
314 1423 375 1478 Has
389 1418 452 1498 spes
466 1423 706 1499 cogitationesque
720 1441 818 1480 secum
832 1433 983 1499 portantes,
999 1425 1096 1482 urbem

143 1499 263 1576 ingressi
278 1515 365 1570 sunt3
387 1501 585 1576 domicilioque
600 1503 637 1559 ibi
659 1513 830 1578 comparato,
853 1501 885 1559 L.
908 1502 1096 1577 Tarquinium

31 1617 32 1620 =
115 1595 136 1635 rs
145 1577 272 1637 Priscum
297 1581 413 1638 ediddre
433 1600 545 1638 nomen.
588 1581 727 1638 Romanis
742 1582 927 1656 conspicuum
942 1601 1008 1638 cum
1022 1583 1098 1640 novi·

142 1669 185 1716 tas
199 1659 359 1735 divitiaeque
375 1659 532 1718 faciebant:
561 1673 589 1718 et
604 1661 662 1736 ipse
677 1660 815 1718 fortunam
831 1660 1096 1736 benigno‘alloquio,

143 1739 276 1796 comitate
293 1739 439 1806 invitandi,
455 1739 664 1814 beneficiisque,
686 1759 755 1815 quos
776 1751 893 1814 poterat,
914 1740 967 1797 sibi
982 1741 1098 1798 concili·

143 1818 224 1886 ando,
241 1817 408 1894 adjuvabam
440 1819 531 1876 donec
546 1819 574 1876 in
589 1819 695 1896 regiam
717 1837 827 1894 quoque
849 1819 884 1876 de
898 1839 932 1876 eo
944 1819 1017 1876 fama
1037 1839 1098 1896 per·

144 1894 199 1952 lata
223 1908 285 1953 est:
320 1898 503 1972 notitiamque
525 1917 586 1954 eam
616 1897 701 1968 brevi,
729 1899 802 1973 apud
828 1917 924 1973 regern
946 1899 1097 1956 liberaliter

112 1973 296 2050 atdertre'que
310 1977 441 2033 obeundo
454 1976 557 2042 officia,
577 1977 605 2032 in
630 1973 774 2033 familiaris
796 1977 928 2033 amicitiae
943 1978 1098 2036 adduxerat

142 2052 214 2128 jura,
228 2067 260 2111 ut
280 2056 401 2130 publicis
423 2055 525 2130 pariter
546 2073 580 2112 ac
601 2056 714 2131 privatis
734 2056 859 2112 consiliis
880 2055 953 2112 bello
967 2055 1097 2131 domique

92 2163 98 2172 ·
143 2132 311 2202 interessem
345 2147 382 2201 et,
406 2154 456 2210 per
476 2135 731 2209 omniaexpertus,
752 2133 892 2210 postremi)
918 2145 992 2192 tutor
1011 2137 1097 2194 etiam

142 2209 241 2268 liberis
254 2213 330 2288 regis
341 2224 511 2271 testamento
525 2213 741 2310 institueretur.j
772 2275 779 2286 ‚
1143 2209 1148 2218 ⁵

181 2369 311 2428 XXXV.
339 2371 483 2449 Regnavit
497 2373 598 2429 Ancus
611 2391 700 2430 annos
714 2385 831 2448 quatuor
845 2385 874 2430 et
887 2373 996 2450 viginti,
1018 2373 1098 2432 cuili-

111 2447 190 2507 abet
204 2451 380 2526 superiorum
395 2471 493 2528 regum
508 2451 573 2508 belli
585 2451 717 2527 pacisque
732 2463 761 2509 et
774 2453 881 2509 artibus
891 2468 920 2510 et
933 2453 1023 2528 gloriis
1036 2473 1095 2530 par.
1167 2451 1168 2455 ’

142 2525 206 2585 Jam
222 2529 271 2586 titii
286 2549 371 2606 prope
384 2532 519 2606 puberem
542 2525 651 2588 ietatem
665 2543 764 2588 erant:
793 2533 827 2588 eb
842 2533 932 2607 magis
946 2531 1096 2607 Tarquini·

143 2625 176 2664 us
190 2608 304 2676 instare,
327 2622 357 2667 ut
377 2610 462 2685 anim
483 2610 603 2686 primum
628 2611 742 2668 comitia
766 2611 825 2686 regi
848 2611 971 2669 creando
987 2611 1095 2668 fierent.

142 2685 258 2747 Quibus
273 2689 397 2762 indictis
410 2691 462 2746 sub
483 2702 594 2764 tempus
614 2709 715 2766 pueros
736 2701 866 2746 venatum
881 2690 1039 2765 ablegavit:
1060 2690 1096 2746 is-

143 2785 196 2840 que
218 2767 324 2843 primus
344 2780 373 2826 et
393 2769 495 2844 petisse
510 2769 655 2826 ambitiose
670 2788 799 2846 regnum,
815 2780 844 2826 et
857 2770 1012 2827 orationem
1027 2768 1096 2825 dici·

112 2856 186 2902 sutur
214 2847 345 2904 habuisse
366 2849 401 2905 ad
421 2847 616 2906 conciliandos
642 2847 731 2923 plebis
757 2849 866 2906 animos
892 2847 1094 2922 compositam:

142 2943 238 3000 quum,
253 2931 270 2960 “
281 2945 311 2983 se
326 2947 382 2984 non
397 2947 455 2984 rem
471 2945 571 2985 novam
592 2939 705 3002 petere3
733 2928 836 3003 quippe
849 2927 897 3002 qui
918 2946 974 2984 non
990 2927 1096 3001 primus

142 3005 160 3038 “
174 3003 260 3080 (quod
275 3007 421 3082 quisquam
436 3007 576 3083 indignari
591 3007 720 3064 mirarive
735 3009 852 3084 posset),
864 3007 913 3062 sed
925 3006 1024 3062 tertius
1037 3005 1096 3064 Ro·
1127 3053 1132 3065 .

143 3085 161 3120 “
173 3103 225 3141 mae
240 3087 405 3161 peregrinus
419 3106 537 3163 regnum
553 3087 681 3144 affectet:
716 3097 744 3144 et
765 3085 881 3144 Tatium
896 3103 953 3141 non
967 3103 1003 3142 ex
1016 3105 1096 3161 perc·
1137 3089 1139 3095 '

143 3164 253 3240 “grino
267 3165 366 3236 solum,
381 3167 530 3224 sedetiam
551 3185 586 3222 ex
607 3167 696 3234 hoste,
711 3171 807 3242 regem
829 3164 952 3221 factumt
986 3176 1015 3221 et
1033 3163 1062 3222 N
1065 3185 1095 3223 u·

28 3293 29 3310 r
112 3243 160 3300 ts“
173 3263 258 3312 mam,
273 3245 401 3320 ignarum
417 3245 503 3312 urbis,
517 3263 574 3301 non
595 3255 748 3319 petentem,
773 3245 802 3302 in
823 3263 943 3319 regnum
963 3244 1035 3302 ultro
1049 3264 1095 3302 ac-

143 3325 162 3359 “
173 3323 269 3380 eitum.
311 3326 359 3397 Se,
374 3344 409 3382 ex
422 3341 477 3398 quo
490 3323 532 3379 sui
547 3333 647 3398 potens
656 3319 748 3390 fuerit,
765 3323 886 3380 Romam
898 3343 963 3381 cum
973 3323 1094 3400 conjuge

143 3405 162 3436 ‘¹
173 3422 206 3460 ac
221 3403 339 3460 fortunis
352 3403 484 3461 omnibus
498 3400 715 3478 commigrdsse:
737 3403 869 3478 majorem
883 3416 991 3478 partem
1005 3403 1095 3460 aetatis
1191 3443 1196 3452 ·

144 3485 162 3518 “
173 3482 242 3558 ejus,
257 3483 313 3558 qual
326 3483 456 3540 civilibus
476 3481 577 3539 officiis
597 3481 750 3558 fungantur
771 3483 909 3549 homines,
931 3483 1032 3540 Romae
1053 3499 1093 3552 se,

145 3563 163 3598 “
174 3561 257 3636 qulam
272 3561 300 3618 in
317 3573 408 3620 vetere
422 3561 522 3638 patriai,
537 3561 656 3618 vixisse:
685 3561 760 3618 domi
774 3561 935 3636 militiaeque
949 3561 1002 3618 sub
1016 3557 1093 3616 haud

114 3641 335 3716 tn“poenitendo
355 3643 497 3718 magistro,
519 3642 579 3716 ipso
599 3642 683 3698 Anco
703 3659 779 3717 rege,
808 3641 939 3698 Romana
962 3659 992 3696 se
1019 3638 1093 3714 jura,

145 3723 164 3758 “
175 3722 319 3779 Romanos
333 3722 402 3780 ritus
415 3721 558 3779 didicisse.
599 3719 743 3794 Obsequio
766 3733 795 3777 et
817 3717 993 3777 observantid
1006 3718 1036 3775 iu
1051 3736 1094 3775 re-

146 3805 238 3878 “gem
253 3813 318 3860 oum
331 3801 472 3875 omnibus,
488 3799 660 3876 benignitate
681 3817 748 3876 erga
771 3799 840 3858 alios
861 3817 926 3855 cum
940 3815 1006 3874 rege
1021 3797 1092 3875 ipso,
