2642 4338
188 341 227 402 62
582 337 652 392 Tl'l'l
668 340 752 392 L1v11

188 485 358 544 sumendum
379 483 547 562 supplicium
578 485 702 544 nudatos¹
725 483 810 560 virgis
839 483 962 548 cedunt,
990 482 1142 560 securique

188 562 312 633 feriunt3
346 584 432 640 quum
459 564 531 622 inter
551 583 635 636 omne
655 576 766 639 tempus
786 573 873 638 pates,
895 563 1040 637 vultusque
1060 575 1088 626 et
1108 583 1143 621 os

186 642 257 717 ejus,
272 644 434 719 speetapulo
444 653 530 722 esset,
544 643 687 716 eminente
701 643 796 712 animo
820 641 910 717 patrio
934 641 1006 698 inter
1020 642 1141 716 publice

187 725 277 800 prenae
300 721 494 780 ministerium.
537 722 702 796 Secundum
726 739 838 796 poenam
862 719 1036 786 nocentium,
1061 721 1140 802 utin

148 837 151 845 .
186 801 334 876 utramque
347 813 455 878 partem
469 800 600 858 arcendis
614 799 767 858 sceleribus
777 798 936 874 exemplum
952 798 1045 856 nobile
1056 811 1140 867 esset,
1163 797 1185 850 ι’

185 880 332 954 premium
348 880 450 946 indici,
460 879 583 955 peounia
596 889 629 959 ex
645 879 753 945 aerario,
774 879 888 936 libertas
902 888 931 934 et
944 877 1052 952 civitas,
1066 879 1140 956 data.

187 955 239 1014 Ille
261 959 385 1034 primunr
407 959 510 1016 dieitur
532 957 656 1016 vindicta
680 958 835 1014 liberatus:
869 957 982 1032 quidam
1008 955 1145 1034 vindictae

185 1053 295 1112 quoque
310 1057 414 1097 nomen
427 1048 548 1110 traotum
562 1037 598 1094 ab
612 1037 659 1094 illo
671 1048 771 1112 putant
782 1056 799 1106 3.
823 1031 956 1096 Vindicio
970 1035 1022 1110 ipsi
1035 1041 1140 1094 nomen

142 1179 145 1192 Ι
183 1114 296 1172 luisse·
323 1117 389 1176 Post
410 1113 498 1186 illurn,
522 1116 710 1188 observatum,
734 1127 774 1183 ut,
799 1115 846 1190 qui
860 1115 899 1172 ita
912 1114 1022 1172 liberati
1036 1131 1140 1187 essent,

186 1193 215 1250 in
230 1195 373 1254 civitatem
387 1195 498 1272 aoeepti
512 1195 684 1268 viderentur.¹
714 1247 716 1256 ,
950 1257 952 1262 .
995 1237 999 1246 ,
1152 1205 1177 1246 ιο

222 1353 277 1420 ·v,1.
300 1355 363 1426 His,
378 1353 451 1412 sieut
465 1364 529 1410 aeta
542 1363 633 1420 erant,
647 1349 794 1419 nuntiatis,
819 1351 954 1412 ineenstts
967 1351 1158 1428 Tarquinius.

185 1449 242 1490 non
257 1433 351 1491 dolore
365 1433 459 1491 solnm
473 1431 608 1492 tantaend
630 1432 738 1489 irritum
758 1431 886 1492 cadentis
902 1431 970 1506 spei,
992 1432 1141 1490 sedetiam
1210 1448 1213 1460 ··

184 1510 250 1570 odio
272 1513 375 1588 imque,
404 1522 548 1588 postquam
576 1511 640 1570 dolo
661 1511 733 1568 viam
753 1511 897 1586 obseptam
928 1510 1006 1577 vidit,
1035 1511 1141 1570 bellum

185 1593 281 1664 aperte
296 1591 468 1649 moliendum
483 1601 569 1657 ratus,
593 1590 745 1647 circumire
767 1589 885 1666 supplex
903 1587 1024 1646 Etruriae
1037 1591 1142 1661 urbes;

185 1686 265 1727 orare
289 1670 410 1730 maxime
432 1670 568 1749 Vejentes
589 1668 878 1744 Tarquiniensesque,
906 1671 924 1702 “
936 1688 973 1726 ne
993 1688 1024 1726 se
1037 1680 1140 1737 ortum,
1152 1683 1178 1727 1⁵,

185 1749 342 1825 “ejusdem
356 1749 512 1826 sanguinis,
526 1759 675 1814 extorrem,
687 1758 828 1823 ,egentem
841 1766 877 1804 err
890 1758 968 1806 tanto
981 1746 1064 1806 modii
1077 1745 1142 1825 reg·¹

185 1827 261 1900 “no,
289 1849 356 1886 eum
382 1829 477 1896 liberis
497 1827 724 1887 adolesoentlbus
744 1836 810 1888 ante
835 1826 934 1888 oeulos
956 1846 1021 1890 suos
1046 1829 1161 1902 perire.

185 1907 348 1966 “sinerent
391 1908 471 1965 Alios
485 1906 600 1983 peregre
615 1906 644 1964 in
668 1916 789 1982 regnum
811 1905 932 1964 Romam
954 1905 1079 1964 aoeitos:
1109 1925 1141 1968 se

186 1988 204 2020 “
216 2005 322 2062 regem,
337 1993 490 2064 augentem
504 1985 577 2050 bello
599 1985 762 2042 Romanum
787 1984 946 2060 imperium,
970 2004 987 2041 a
1007 1985 1141 2060 proximis

186 2066 355 2126 “scelerate
369 2065 562 2142 conjuratione
584 2063 714 2140 pulsum:
747 2083 796 2122 eos
820 2063 892 2121 inter
913 2083 953 2130 se,
978 2063 1177 2138 quianemom

186 2148 204 2180 “
217 2165 290 2202 unus
304 2145 371 2203 satis
391 2145 495 2220 dignus
509 2155 596 2220 regno
617 2143 752 2210 vi'sus'sit,
773 2154 866 2218 partes
888 2142 968 2218 regni
993 2143 1140 2218 rapuisse;

186 2227 204 2259 “
217 2224 291 2282 bona
304 2243 354 2281 sua
368 2224 526 2300 diripienda
539 2220 642 2298 populo
652 2223 774 2288 dedisse,
789 2241 826 2278 ne
839 2221 902 2296 quis
915 2240 1015 2298 expers
1026 2222 1142 2294 sceleris

186 2307 204 2340 “
216 2303 298 2360 esset.
340 2301 462 2360 Patriam
476 2321 509 2358 se
523 2319 697 2377 regnumque
710 2319 793 2358 suum
815 2310 952 2376 repetere,
968 2312 997 2362 et
1010 2302 1141 2377 persequi

187 2383 342 2458 “ingratos
369 2382 446 2438 cives
476 2379 556 2437 velle.
605 2379 726 2454 Ferrent
744 2398 837 2454 opem,
859 2379 1042 2456 adjuvarent;
1075 2400 1141 2438 suas

187 2467 205 2498 “
216 2479 326 2536 qnoque
341 2471 448 2518 veteres
469 2457 585 2534 injurias
598 2458 688 2515 ultum
703 2459 785 2525 irent,
799 2457 890 2518 ,toties
903 2477 991 2516 eaesas
1004 2457 1140 2535 legiones,
1149 2470 1177 2510 τι

187 2546 205 2578 “
217 2559 316 2616 agrum
330 2537 524 2613 ademptum.”
566 2537 638 2594 Haee
652 2546 800 2596 moverunt
818 2537 970 2613 Vejentes;
993 2556 1033 2597 ,ae
1047 2557 1097 2614 pro
1110 2558 1141 2596 se

187 2621 314 2698 quisque,
331 2618 461 2676 Romano
475 2616 574 2674 saltem
588 2615 672 2682 duee,
695 2615 865 2692 ignominias
877 2616 1041 2684 demendas,
1056 2617 1142 2675 bello-

165 2719 241 2777 ¹que
264 2698 366 2756 amissa
391 2696 561 2772 repetenda,
578 2695 727 2780 minaciter
747 2693 878 2752 fremunt.
913 2694 1142 2770 Tarquinienses

191 2798 291 2838 nomen
306 2795 340 2834 ae
355 2771 608 2852 coguatio‘movet:
629 2773 778 2848 pulehrum
793 2773 945 2845 videbatur,
960 2793 1025 2832 snos
1039 2774 1141 2833 Rome

188 2876 315 2936 regnare.
356 2855 400 2912 lta
413 2855 469 2912 duo
483 2855 600 2911 duarum
615 2851 771 2910 eivitatium
794 2852 945 2920 exereitus,
965 2853 1000 2910 ad
1014 2863 1176 2930 repetes-³⁰

189 2939 256 2996 dum
270 2951 388 3012 regnum
403 2933 531 3008 belloque
551 2931 759 3007 persequendos
779 2931 935 2999 Romanos,
960 2933 1050 2990 secuti
1068 2933 1141 2992 Tar·

188 3016 324 3091 quinium.
366 3013 516 3087 Postquam
538 3011 567 3068 in
591 3029 690 3088 agrum
707 3009 870 3068 Romanurn
885 3009 999 3068 ventum
1019 3021 1071 3079 est,
1092 3013 1141 3070 ob·

189 3095 263 3154 viam
277 3093 350 3170 bosri
370 3090 501 3149 eonsules
521 3099 598 3147 eunt.
639 3087 770 3159 Valerius
789 3089 925 3181 quadrato
938 3091 1052 3166 agmine
1064 3091 1141 3166 pedi·

189 3184 246 3230 tem
261 3172 356 3229 ducit:
384 3171 487 3240 Brutus
500 3168 535 3226 ad
549 3164 751 3244 explorandum
765 3185 831 3226 euru
842 3167 967 3243 equitatu
981 3170 1139 3226 antecessit.

190 3251 299 3310 Eodem
313 3249 396 3306 modo
408 3249 515 3324 primus
535 3265 622 3322 eques
645 3247 767 3306 hostiurn
790 3247 911 3323 agrninis
935 3247 988 3305 luit
1011 3247 1184 3322 (praemiss

192 3335 288 3392 Aruns
311 3327 493 3408 Tarquinius,
512 3323 588 3398 'filius
607 3326 718 3405 regis):
748 3344 798 3408 ren
819 3326 878 3402 ipse
898 3343 964 3386 oum
984 3325 1143 3401 legionibus

191 3408 367 3485 sequebatur.
408 3406 514 3479 Aruns,
528 3405 577 3462 ribi
590 3424 627 3462 ex
639 3404 785 3462 lictoribus
798 3405 895 3479 propnl
909 3403 1053 3461 consulem
1068 3422 1140 3476 esse,

191 3488 294 3546 deinde
306 3485 363 3562 jain
377 3485 493 3559 propius
506 3479 545 3542 ao'
554 3481 658 3542 partiris
675 3477 754 3540 'secie
776 3501 886 3560 quoque
900 3481 1017 3548 Brutum
1036 3502 1142 3559 eogno-

191 3567 240 3640 vit,
267 3563 454 3624 inflammatus
475 3563 526 3628 iri,
542 3565 565 3606 -“
575 3561 627 3618 Ille
640 3571 684 3618 est
703 3559 772 3634 vir‚”
800 3560 899 3635 inquit,
919 3561 997 3635 “qui
1023 3581 1075 3619 nos
1091 3582 1141 3620 ex·

192 3651 311 3704 “torres
331 3640 437 3718 expulit
459 3640 558 3717 patrib.
579 3685 581 3690 -
606 3639 691 3714 Ipse,¹
707 3657 754 3710 en,
775 3638 838 3706 ille,
865 3639 967 3696 nostris
993 3641 1176 3700 decoratum
1221 3694 1223 3703 .

192 3729 212 3760 “
223 3723 390 3800 insignibus,
404 3718 553 3796 magnifiee
568 3718 683 3776 incedit.
724 3717 773 3776 Dii
786 3737 884 3794 regum
894 3718 1005 3792 ultores,
1014 3721 1140 3778 adeste.''

193 3803 325 3862 Concitet
337 3799 495 3882 calcaribus
507 3817 620 3874 ¹equum,
633 3808 716 3876 atque
736 3797 765 3856 in
789 3797 881 3874 ipsum
903 3797 1020 3856 infestus
1040 3819 1154 3860 consu»,
