2648 4340
503 343 605 396 LIBER
620 346 641 394 1.
661 357 721 396 cre.
733 360 759 396 ι..
1061 349 1102 410 47

141 500 241 562 egere,
256 485 339 546 bonis
352 487 470 546 multare
493 491 611 564 poterat,
635 507 692 546 non
716 499 861 565 suspectos
874 487 957 546 modu
970 499 1019 547 aut
1032 489 1102 550 invi·

143 581 200 635 sos,
221 566 273 622 aed
292 567 370 624 un'de
394 562 463 624 nihil
484 567 570 640 aliud,
591 569 675 642 quem
700 569 832 644 predam,
859 587 970 644 sperare
997 583 1099 644 posset.

143 640 190 698 Ita
214 643 330 708 Petrum
351 645 494 720 praecipue
516 665 635 704 numero
658 646 816 718 imminuto,
842 647 938 704 statuit
958 647 1050 704 nullos
1069 649 1099 706 in

143 718 245 780 Patres
270 723 383 800 legere3
413 723 469 799 qud
491 723 677 800 contemptior
697 725 838 800 paucitate
853 727 913 802 ipsa
926 725 995 782 ordo
1014 739 1099 794 esset,

120 799 297 876 eminusque
310 821 359 877 per
373 821 403 860 se
417 803 486 860 nihii
501 803 547 879 egi
567 803 789 880 indignarentur.
831 803 888 861 Hic
902 805 978 860 enim
999 823 1098 880 regum

139 875 253 954 primus
274 880 407 941 traditu'm
434 900 451 940 a
475 882 615 957 prioribus
635 892 741 940 morem
762 883 798 938 de
818 869 954 940 omnibus⁴
969 895 1098 940 senatum

142 959 312 1016 consulendi
326 961 425 1018 solvit:
446 961 608 1018 domesticis
626 960 752 1018 consiliis
765 959 967 1036 rempublicam
981 961 1100 1019 admini-

141 1037 260 1094 stravit:
282 1037 396 1106 bellum,
410 1039 520 1114 picem,
535 1039 651 1118 fudere,
664 1039 814 1097 societates
834 1058 883 1114 per
903 1059 934 1096 se
949 1041 1017 1115 ipse,
1031 1059 1098 1098 cum

140 1115 245 1188 quibus
270 1116 364 1189 voluit,
388 1118 612 1196 injussupopuli
633 1137 667 1176 ac
681 1119 803 1190 senatur,
824 1117 900 1184 fecit,
922 1119 1097 1194 diremitque.

110 1204 131 1242 1⁰
141 1191 310 1252 Latinorum
332 1195 386 1254 sibi
409 1195 534 1254 maxime
555 1209 668 1274 gentem
690 1195 870 1260 conciliabat,
891 1209 922 1253 ut
941 1199 1099 1272 peregrinis

140 1290 252 1346 quoque
272 1275 374 1350 opibus
396 1276 481 1334 tutior
508 1276 581 1334 inter
608 1276 688 1334 cives·
712 1287 794 1332 esset.
855 1275 956 1350 Neque
978 1277 1098 1352 hospitia

140 1351 226 1408 modu
241 1371 306 1413 cum
320 1354 489 1429 primoribus
502 1373 609 1426 eorum,
630 1355 679 1411 sed
703 1354 852 1412 affinitates
866 1371 986 1429 quoque,
997 1354 1099 1430 junge·

140 1427 199 1486 bat.
240 1431 361 1490 Octavio
375 1433 504 1492 Mamilio
518 1433 684 1494 Tusculano
705 1431 743 1510 (is
763 1432 846 1510 longe
860 1435 991 1509 princeps
1002 1433 1097 1491 Latini

140 1508 348 1579 nominiserat,
373 1513 396 1568 si
420 1511 501 1570 same
523 1513 677 1584 credimus,
701 1513 736 1568 ab
757 1511 857 1588 Ulysec
871 1513 989 1588 Dedque
1010 1511 1096 1570 Circe

108 1587 304 1667 uniendus),
317 1590 344 1648 ei
360 1589 488 1648 Mamilio
500 1591 586 1650 filiam
610 1601 729 1668 nuptum
753 1591 818 1660 dat;
845 1609 950 1667 perque
963 1610 1012 1648 eus
1025 1609 1097 1667 nup-

139 1665 194 1724 tias
208 1667 311 1749 multos
325 1669 378 1726 sibi
392 1680 527 1748 cognatos
540 1669 701 1746 amicosque
714 1670 776 1751 ejus
785 1671 929 1728 conciliet.

178 1821 212 1880 L.
235 1823 301 1884 Jam
315 1843 418 1904 magna
431 1827 581 1903 Tarquinii
602 1827 752 1886 auctoritas
765 1815 837 1886 inter
853 1827 1017 1886 Latinorum
1033 1847 1097 1903 pro·

138 1919 220 1960 ceres
233 1919 314 1974 erat3
334 1925 430 1981 quum,
446 1907 475 1964 in
489 1907 564 1984 diem
579 1917 687 1964 certum
709 1917 739 1963 ut
759 1907 794 1964 ad
815 1907 910 1964 lucum
932 1907 1096 1964 Ferentium

138 1983 320 2057 conveniant,
334 1985 450 2044 indicit:
475 2005 547 2052 cese,
561 2004 623 2060 quae
638 2003 721 2060 egere
735 1986 770 2042 de
790 1985 875 2042 rebus
896 1985 1095 2042 communibus

106 2059 214 2118 euvelit.
256 2062 438 2122 Conveniunt
451 2064 610 2140 frequentes
630 2063 719 2139 prima
733 2064 816 2120 luce:
845 2064 904 2139 ipse
919 2063 1095 2137 Tarquinius

138 2139 213 2196 diem
235 2142 349 2215 quidem
364 2137 577 2212 servavit31ed
599 2142 683 2218 paulo
698 2142 772 2208 ente,
787 2143 870 2216 quim
884 2143 923 2199 sol
937 2143 1093 2210 occideret,

137 2219 238 2276 venit·
265 2219 357 2278 Multa
372 2222 410 2278 ibi
425 2223 483 2280 tote
497 2223 543 2280 die
558 2222 590 2280 in
600 2221 723 2280 concilio
743 2222 824 2278 variis
842 2221 948 2296 jactate
970 2239 1096 2278 sermun-

137 2295 304 2358 ibuserunt.
347 2300 464 2358 Turnus
488 2301 651 2360 Herdonius
675 2301 710 2358 ab
731 2300 831 2356 Aricid
850 2300 980 2360 ferociter
994 2300 1023 2357 in
1046 2301 1094 2356 ab·

137 2388 248 2441 sentem
268 2379 460 2454 Tarquinium
480 2391 540 2438 erat
560 2380 709 2448 invectus3
750 2379 866 2436 “Haud
894 2381 996 2436 mirum
1021 2399 1095 2452 esse,

105 2455 155 2508 Ψ(
167 2459 299 2532 Superbo
318 2458 440 2516 inditum
469 2459 569 2522 Rome
598 2459 786 2534 cognomen.'’
848 2457 927 2535 (Jurn
957 2458 1034 2515 enim
1055 2459 1095 2515 itu

137 2532 210 2592 clam
225 2537 341 2610 quidem
362 2538 553 2608 mussitantes,
573 2537 657 2614 vulgo
677 2549 781 2608 tamen,
803 2557 867 2594 eum
889 2537 1092 2614 appellabant.)

136 2615 155 2646 “
170 2618 216 2673 An
237 2615 390 2690 quidquem
411 2617 559 2692 superbius
579 2630 650 2689 esse,
681 2615 766 2691 quim
787 2616 925 2674 ludificari
947 2617 988 2674 sic
1009 2633 1094 2673 omne

138 2697 273 2754 “numen
288 2694 443 2754 Latinum?
464 2695 640 2770 principibus
663 2695 746 2771 longe
768 2695 803 2752 ab
824 2695 908 2752 domo
921 2693 1033 2766 excitis,
1054 2693 1095 2768 ip-

136 2771 156 2804 “
166 2791 242 2840 sum,
253 2773 301 2848 qni
315 2774 468 2834 concilium
482 2774 623 2846 indixerit,
637 2790 694 2832 uun
709 2773 831 2830 adesset
853 2774 953 2830 tentari
968 2770 1095 2848 profecto

105 2852 343 2926 ³⁰“patientiam,
367 2863 408 2920 ut,
439 2853 462 2912 si
487 2853 588 2930 jugum
619 2854 791 2928 acceperint,
820 2852 957 2910 obnoxios
976 2861 1107 2926 premet·

136 2929 224 2988 “Cui
238 2931 315 2988 enim
337 2951 393 2990 non
416 2951 560 3006 epptrerc,
585 2931 717 2990 affectare
731 2949 797 2988 eum
819 2931 965 3006 imperium
987 2931 1016 2986 in
1039 2927 1094 2987 La·

137 3010 156 3042 “
166 3009 266 3068 tinus?
287 3009 374 3071 Quod
388 3010 468 3068 sisui
481 3011 555 3068 bene
568 3010 741 3068 crediderint
754 3010 840 3075 cives,
855 3019 903 3066 aut
917 3007 945 3064 si·
954 3008 1093 3066 creditum

136 3089 248 3156 “iuud,
272 3099 302 3146 et
322 3108 378 3148 non
400 3100 509 3166 raptum
529 3088 689 3164 parricidio,
717 3089 763 3156 sit,
785 3088 901 3146 credere
922 3097 949 3144 et
976 3087 1094 3144 Latinos

135 3170 157 3206 ‘⁸
168 3167 354 3244 (quamquam
366 3187 406 3226 ,ne
420 3169 462 3228 sic
472 3168 589 3245 quidem
603 3167 784 3245 alienigenae)
799 3167 912 3224 debere.
954 3167 1016 3224 Sin
1027 3185 1095 3224 suos

105 3249 156 3296 Μ
168 3249 232 3324 ejus
245 3247 380 3322 peniteat
402 3247 518 3322 (quippe
531 3247 578 3320 qui
590 3245 637 3302 alii
657 3263 741 3320 super
760 3246 829 3310 aiios
846 3245 1031 3317 trucidentur,
1046 3265 1095 3302 ex·

136 3325 289 3386 “sulatum
304 3337 380 3393 eant,
403 3326 478 3383 bona
496 3324 651 3402 amittant),
672 3323 739 3397 quid
760 3324 819 3399 spei
840 3323 962 3382 melioris
983 3323 1094 3382 Latinis

136 3404 321 3482 “portendit
375 3404 406 3464 Si
428 3423 459 3462 se
479 3403 606 3468 audiant,
626 3402 740 3460 domum
762 3421 841 3460 suum
861 3421 998 3478 quemque
1025 3403 1093 3461 inde

136 3487 157 3520 “
169 3485 309 3544 abituros:
341 3481 537 3558 nequemagis
559 3482 753 3540 observaturos
766 3481 842 3540 diem
863 3483 987 3555 concilii,
1007 3481 1091 3556 quum

137 3566 157 3600 ‘⁴
170 3564 241 3640 ipse,
260 3561 310 3638 qui
330 3561 475 3630 indixerit„
495 3561 652 3620 observet.''
714 3561 785 3618 Haec
813 3572 895 3636 utque
915 3561 971 3618 elia
989 3559 1092 3618 eodem

105 3642 311 3720 ⁴⁰pertinentis
330 3642 479 3700 seditiosus
498 3640 727 3716 facinorosusque
747 3641 840 3708 homo,
867 3641 966 3714 hisque
986 3637 1093 3694 artibus

138 3741 208 3798 opes
221 3720 297 3780 dumi
311 3733 421 3792 nactus,
435 3739 522 3794 quum
535 3720 658 3780 maxime
680 3721 838 3786 dissereret,
858 3716 1008 3777 interuenit
1021 3715 1093 3774 Tar·

139 3801 263 3881 quiniou.
305 3801 334 3858 Ie
343 3801 411 3860 ,furis
424 3799 542 3860 orationi
554 3799 618 3858 ¹fuit.
659 3797 760 3856 Aversi
772 3817 872 3858 omues
885 3797 920 3854 ed
940 3793 1093 3870 'I'erquiu‘r⁴
