2648 4338
121 329 124 336 ¹
151 369 155 378 ·
181 343 248 436 ,1'1'3'
410 355 412 360 ’
579 352 648 420 rin
664 361 748 420 mvn

186 497 216 574 iri
230 511 334 586 medio,
348 527 475 588 campus,
490 511 623 570 herbidus
637 531 822 588 aquosusque,
844 503 902 588 per¹
914 531 995 588 quern
1010 511 1137 572 medium

186 591 239 648 iter
251 601 303 662 est
346 591 402 648 Sed
417 592 492 663 ante‘,
506 587 699 668 quim-reniae
722 591 758 648 ad
781 609 860 658 eum,
882 587 1018 650 intrandae
1036 591 1137 668 primm

186 669 323 746 angustiae
337 681 420 739 eunt;
442 673 470 728 et
484 682 532 728 aut
545 670 655 750 eadem,
678 671 734 746 qud
754 681 782 728 te
796 670 991 738 insinuaveris,
1006 683 1078 729 retro
1092 671 1138 729 via

186 749 358 824 repetenda;
380 761 437 816 arit,
452 749 475 807 si
489 749 530 806 ire
544 745 625 826 pbrro
639 769 747 824 pergas,
762 767 811 826 per
831 749 918 806 ulium
939 750 1040 826 saltum
1054 750 1137 806 arcti·

145 898 149 906 Ι
185 847 262 884 orem
287 827 546 904 impeditioremque
568 829 754 892 evadendum.
794 827 922 901 In‘eum,
940 848 1073 904 campum
1092 828 1175 886 vids

179 906 240 964 adit
263 925 311 982 per
332 925 430 964 cavam
451 905 551 986 'rupem
564 905 701 978 Romani,
723 907 844 964 demisso
858 907 981 982 agmine,
996 927 1081 982 quum
1102 907 1138 964 ud

187 985 255 1044 alias
269 985 413 1064 angustias
427 987 552 1062 protinus
575 997 744 1069 pergerent,
758 998 851 1060 septae
870 987 982 1062 dejectu
997 987 1138 1053 arborum,

178 1075 369 1139 'saxorumque
384 1059 732 1141 ingentiurli‘objacentem
747 1065 848 1122 molem
863 1064 1005 1123 iuvendre.
1038 1065 1139 1127 Quum

187 1143 262 1200 fraus
276 1143 383 1201 hostilis
400 1144 584 1234 apparuisset,
598 1143 758 1220 presidium
782 1143 867 1218 etiam
891 1143 921 1200 in
944 1163 1054 1205 summo
1068 1145 1139 1201 saltu

186 1221 368 1297 conspicitur.
410 1221 497 1280 costi
511 1223 577 1280 inde
597 1225 681 1295 retro,
695 1219 759 1298 qud*
771 1234 914 1295 venerant,
928 1235 1049 1300 pergunt
1062 1242 1140 1299 repe-
1149 1239 1175 1280 lo

135 1373 138 1380 Δ
186 1311 245 1357 tere
260 1301 349 1358 vlam:
367 1321 443 1360 ¹eum
456 1300 566 1378 quoque
580 1301 705 1359 clausam
719 1299 770 1360 sud
783 1301 865 1360 obice
880 1301 1018 1378 armisque
1031 1302 1140 1360 iuveni-

187 1389 246 1436 unt.
289 1379 398 1438 Sistunt
412 1381 478 1438 inde
492 1382 611 1458 gradum
632 1379 693 1438 sine
714 1381 798 1438 ullius
821 1381 956 1457 imperio:
989 1391 1141 1457 stuporque

186 1458 312 1536 omnium
328 1459 444 1530 animos,
469 1479 503 1516 ac
526 1455 602 1518 velut
623 1471 714 1536 torpor
734 1460 848 1534 quidam
873 1453 1141 1526 insolitusmembra

187 1547 281 1594 tenet:
303 1538 499 1614 intuentesque
514 1539 561 1596 alii
580 1539 649 1596 alios
671 1539 770 1613 (quum
792 1537 909 1596 alterurn
934 1537 1050 1614 quisque
1063 1559 1144 1602 coma

187 1609 281 1690 potem
302 1618 392 1692 magis
413 1619 516 1676 mentis
544 1629 578 1698 ac
598 1617 709 1696 consilii
730 1616 881 1698 ducerent)
913 1617 962 1674 diu
983 1618 1140 1675 immobiles
1150 1636 1176 1675 ιε

188 1694 279 1752 silent.
321 1695 432 1756 Deinde
448 1696 495 1753 ubi
509 1695 637 1773 pr'aetoria
650 1695 797 1766 consulum
819 1693 889 1772 erigi
913 1696 1017 1766 ridere,
1045 1709 1074 1754 et
1093 1716 1141 1754 ex·
1211 1717 1213 1720 ·

120 1821 123 1829 .
188 1774 284 1848 pedire
297 1767 432 1850 quosdam
446 1775 526 1833 utilia
539 1775 626 1851 operi,
639 1792 809 1851 quamquam
832 1775 954 1832 ludibrio
972 1776 1034 1836 lore
1049 1775 1140 1833 muni·

188 1863 281 1928 entes,
291 1851 407 1930 perditis
419 1847 552 1934 ¹rebus‘ao
566 1874 614 1930 spe
632 1854 710 1912 omni
732 1853 872 1929 ademptis,
894 1855 1070 1924 cernebant3
1100 1867 1142 1912 ta·

188 1949 264 2002 men,
279 1951 314 1988 ne
326 1932 436 2010 culpan
451 1933 531 1994 malis
545 1935 690 2004 adderent,
699 1931 754 2008 spru
767 1952 797 1990 se
811 1933 950 2008 quisque,
962 1953 1017 1992 nec
1031 1935 1153 1992 hortum.

188 2019 216 2066 te
232 2010 287 2072 ullo
300 2031 355 2070 nec
378 2011 542 2088 imperante,
566 2013 602 2070 ad
621 2007 805 2070 muniendum
821 2013 901 2083 versi,
926 2019 1017 2070 castra
1030 2025 1176 2090 propterea

142 2099 144 2104 '
189 2085 288 2166 aquam
305 2091 376 2148 vallo
389 2089 585 2162 circumdant3
610 2105 664 2148 sua·
674 2090 727 2168 ipsi
740 2109 826 2166 opera
838 2091 1017 2166 laboremque
1031 2093 1141 2150 irritum

100 2163 115 2174 ’“
191 2165 388 2244 (preterquam
402 2170 477 2245 qudd
493 2163 586 2228 hoste's
600 2169 719 2247 superbe
735 2169 933 2248 increpabunt)
948 2189 1012 2228 cum
1027 2172 1142 2228 misera·

190 2245 429 2306 biliconlessione
443 2249 599 2311 eludentes.
640 2251 687 2306 Ad
711 2248 842 2306 consules
858 2260 986 2317 moestos,
1008 2269 1044 2306 no
1059 2251 1142 2306 advo-

189 2335 286 2382 cantes
299 2327 413 2402 quidem
428 2328 456 2384 in
472 2329 620 2386 consilium
646 2328 771 2404 (quando
785 2347 840 2384 nec
864 2325 982 2396 consilio
996 2347 1050 2386 nec
1064 2329 1142 2386 auxi-

189 2401 319 2462 lio'locus
339 2410 437 2485 esset),
466 2407 516 2464 suri
540 2407 745 2484 sponte‘legati
769 2403 803 2464 ac
828 2407 933 2474 tribuni
946 2407 1118 2464 conveniunt
1133 2422 1179 2466 :as
1226 2411 1232 2422 ‘'

189 2482 347 2559 militesque
369 2487 403 2542 ad
426 2487 585 2560 praetorium
607 2487 687 2556 versi,
700 2505 793 2562 opem,
807 2501 891 2560 quam
904 2486 952 2542 vix
966 2485 1014 2542 Dii
1028 2485 1142 2544 immor·

142 2635 144 2641 Ι
189 2561 259 2619 tales
273 2563 344 2621 serre
358 2576 494 2640 poterant,
509 2567 545 2621 ab
556 2565 677 2622 ducibus
686 2573 854 2644 ,erposcunt

230 2691 681 2800 111.Querentesmagis‚‘qitm
695 2723 897 2796 consultantes,
915 2715 1148 2799 n‘ox'oppressitz.
1193 2795 1196 2804 Δ
1230 2789 1232 2794 ,
1296 2739 1320 2752 ”

159 2871 162 2878 Ι
189 2817 275 2874 quum
299 2822 349 2878 pro
370 2803 484 2880 ingenio
503 2803 619 2877 quisque
648 2803 817 2861 fremerent:
852 2802 926 2860 alius‘
947 2805 1027 2877 “per
1047 2801 1144 2860 obices
1211 2861 1216 2874 ,

190 2881 208 2912 “
219 2881 324 2938 viarum
336 2882 370 2951 ;’'
391 2883 471 2952 alius,
492 2887 571 2957 “per
585 2883 703 2940 adversa
723 2881 879 2950 montium,
897 2901 946 2957 per
963 2879 1061 2952 silvas,
1088 2881 1178 2959 qualus
1274 2927 1278 2932 .

190 2957 285 3017 “serri
298 2972 528 3039 armapoterunt,
551 2980 658 3022 eamus.
699 2959 786 3018 Modo
807 2961 841 3017 ad
859 2961 974 3018 'hostem
990 2959 1143 3036 ,pervenire
1206 3005 1209 3014 .

190 3037 312 3112 “liceat,
325 3059 408 3116 quem
424 3059 471 3115 per
486 3059 575 3096 annos
585 3041 644 3116 jam
664 3037 750 3115 prope
764 3039 879 3115 triginta
894 3039 1052 3112 vincimus3
1086 3058 1146 3096 orn·

191 3115 209 3150 ‘⁶
219 3117 265 3174 nia
280 3137 359 3193 aequa
372 3132 400 3176 et
414 3120 497 3196 plana
515 3130 597 3176 erunt
607 3120 761 3193 ,Romano
783 3117 972 3200 inpertidum
987 3117 1144 3196 Samnitem

190 3195 502 3270 “pugnanti,:’'alius,
525 3197 640 3268 “Quo;.
671 3209 719 3254 aut
738 3200 793 3272 qud
813 3199 932 3269 eamusl
974 3195 1052 3253 Num
1067 3214 1171 3251 mon-.

191 3275 261 3332 “‘tee
282 3277 371 3334 moliri
398 3278 470 3334 sede
490 3280 539 3334 sud
562 3279 714 3352 paramus?
768 3275 844 3334 Dum
871 3277 933 3333 haec
957 3274 1182 3332 imminebuutas
1212 3334 1214 3339 ,

192 3357 211 3391 “
220 3354 296 3430 juga,
310 3357 366 3428 qud
381 3369 410 3412 tu
425 3358 459 3412 ad
475 3358 583 3414 hostem
598 3357 715 3414 veniesl
758 3349 877 3426 Armati,
890 3349 1036 3418 ''inermes,
1051 3351 1144 3423 fortes,
1187 3367 1190 3374 '

72 3448 74 3454 ’
152 3492 156 3498 ,
192 3437 211 3470 “
221 3432 440 3510 ignavi,·pariter
453 3455 552 3492 omnes
566 3437 643 3510 capti,
656 3446 738 3509 atque
752 3427 818 3490 victi
832 3453 937 3490 sumus.
977 3431 1023 3500 Ne
1038 3431 1146 3490 serrum

193 3511 334 3588 “quidem
348 3513 382 3569 ad
398 3513 470 3570 berre
495 3507 672 3590 moriendum
686 3513 839 3570 oblaturus
852 3519 895 3568 es't
910 3510 1012 3568 hostis:
1043 3511 1147 3568 sedens

107 3643 109 3649 .
193 3591 325 3649 “bellum
352 3592 512 3664 conficiet.”
568 3591 621 3648 His
642 3591 763 3666 urvicem
784 3589 969 3660 sermonibus,
996 3590 1053 3664 qud
1079 3589 1145 3666 cibi,

194 3672 250 3748 qud
271 3671 372 3745 quietis
397 3661 554 3740 immemor,
573 3689 629 3728 nox
649 3670 778 3728 traducta
804 3680 854 3726 est.
904 3665 950 3726 Ne
972 3669 1181 3744 Samnitibustu

101 3761 103 3766 '
172 3776 173 3780 ¹
195 3751 310 3827 quidem
334 3751 481 3808 consilium
507 3751 534 3806 in
556 3765 612 3816 tam
630 3749 895 3824 laetissuppetebat
918 3748 1020 3806 rebus:
1054 3749 1146 3822 itaque

148 3889 150 3894 ,
198 3829 511 3888 universi'Herennium
524 3830 664 3901 Pontium,
687 3837 793 3907 patrem
817 3828 1001 3906 imperatoris,
1021 3827 1148 3905 perlite·
