2648 4340
207 335 250 396 ιι
605 335 673 384 mn
690 335 773 386 ιιιιι

211 479 302 536 utrius
315 481 409 555 populi
425 479 545 552 Horatii,
561 480 649 535 utrius
665 481 783 538 Curiatii
799 480 910 540 luerint.
944 487 1079 542 Auctores
1093 494 1167 541 utro·

136 601 139 612 .
210 577 265 632 que
280 560 413 618 trahunt:
435 560 528 634 plures
542 571 636 616 tamen
656 559 777 624 invenio,
801 561 849 634 qui
873 562 1019 620 Romanos
1037 563 1167 620 Horatios

212 650 332 694 vocent:
364 641 415 696 hos
429 649 459 695 ut
473 658 583 712 sequar,
608 639 726 696 Inclinat
749 639 869 696 animus.
912 640 986 698 Cum
1009 641 1168 716 trigeminis

211 727 299 790 agunt
315 737 406 793 reges,
421 731 453 776 ut
465 737 515 792 pro
533 720 582 776 eu'a
607 718 725 808 quisque
749 718 835 792 patrii
850 720 988 776 dimicent
1002 719 1093 856 spuo·
1126 721 1168 777 ibi
1252 721 1257 730 '

210 813 366 869 imperium
376 798 444 878 sore,
461 797 535 853 uude
550 809 666 852 victoria
681 797 796 858 luent
815 797 893 854 lhrlul
910 817 1010 854 recusa
1023 819 1074 855 ur
1096 812 1167 855 tem·
1189 817 1215 866 a¹

210 892 263 962 pus
276 886 305 931 et
318 876 397 934 locus
412 876 552 934 convenit.
594 875 759 950 Priusquam
775 877 952 943 dimicarent,
974 873 1085 934 siedus
1078 889 1167 956 ictum

209 953 283 1008 inter
298 954 444 1014 Romanos
458 972 486 1012 et
500 955 626 1010 Albanos
640 968 682 1014 eet
695 955 738 1012 his
749 955 869 1031 legibus,
881 971 920 1022 ut,
933 958 1069 1031 cujusque
1081 976 1168 1032 popu·
1218 953 1221 958 ’

209 1031 320 1090 lienes
344 1055 378 1092 eo
402 1035 558 1092 certamine
581 1034 721 1104 uicissent,
736 1033 761 1090 is
784 1035 863 1092 alteri
887 1036 989 1110 populo
1011 1055 1079 1092 cum
1095 1037 1171 1094 bona·

209 1130 285 1184 pace
305 1113 486 1204 imperitaret.
528 1113 648 1170 Foedera
662 1113 717 1169 alia
736 1113 797 1170 aliis
821 1115 940 1188 legibus,
965 1113 1099 1194 cetorum
1123 1135 1169 1172 eo·

210 1190 275 1246 dem
290 1194 374 1250 modo
388 1193 492 1257 omnia,
508 1193 586 1248 liunt.
624 1189 656 1248 ,Ἰ
659 1211 706 1248 ιιιιι
722 1192 761 1248 ita
774 1193 890 1266 *suctum
915 1189 1087 1268 accepimus,
1113 1214 1167 1250 uec
1179 1216 1203 1252 ιο

210 1269 296 1326 ullius
311 1273 444 1330 vetustior
470 1272 582 1328 foerleris
606 1272 741 1330 memoria
755 1271 798 1329 est
848 1271 1081 1346 Fecialisregem
1096 1273 1168 1330 Tul·
1238 1311 1242 1316 -

209 1347 268 1404 lum
283 1351 322 1408 ita
333 1351 440 1426 rogavit
454 1371 459 1408 :
481 1355 498 1384 ‘⁴
511 1351 638 1406 Jubesue
651 1369 706 1418 me,
720 1369 778 1419 rex,
793 1369 858 1407 cum
874 1363 951 1425 patre
963 1361 1070 1424 patrato
1082 1371 1170 1426 popu-

208 1426 258 1483 “li
274 1430 379 1486 Albani
395 1429 486 1486 foedus
501 1429 583 1486 ferire
596 1431 630 1484 l’'
672 1429 797 1486 lubente
811 1449 888 1504 rege,
912 1433 931 1464 “
944 1430 1111 1504 Sagmina,”
1126 1431 1168 1488 iu·
1201 1477 1204 1488 .

208 1507 278 1579 quit,
293 1513 311 1542 “
324 1522 361 1580 te,
376 1529 435 1575 rex,
451 1510 562 1584 posco.''
605 1508 671 1564 lter
686 1509 734 1580 ait,
748 1509 882 1564 “Puram
897 1509 1014 1566 tollito.'’
1043 1507 1167 1580 Fecialis

208 1603 244 1641 ex
258 1606 324 1644 arce
338 1588 473 1661 graminis
489 1589 603 1644 herbam
618 1607 717 1662 puram
731 1587 841 1646 attulit:
862 1599 960 1676 postea
971 1607 1066 1664 regem
1076 1589 1115 1646 ita
1125 1609 1167 1646 ro·
1179 1611 1203 1650 15

208 1666 303 1738 gavit.
324 1672 342 1701 “
358 1667 430 1733 Rex,
446 1667 553 1723 facisne
546 1685 613 1722 me
627 1679 657 1722 tu
669 1666 777 1742 regium
790 1667 919 1722 nuntium
932 1669 1026 1741 populi
1042 1667 1167 1724 Romani

209 1743 420 1804 “Quiritiuml
451 1765 525 1816 xasa,
550 1745 723 1844 comitesque
747 1747 873 1802 meosl'’
916 1746 982 1802 Rex
1003 1748 1163 1822 respondit:

209 1827 227 1858 “
239 1823 362 1884 Quod
341 1825 432 1882 stnef
418 1819 515 1882 frair'de
530 1845 591 1881 mea
616 1825 766 1898 populique
791 1825 915 1881 Romani
936 1825 1093 1885 Quiritium
1108 1826 1166 1898 fiat,

209 1905 227 1936 “
241 1903 343 1960 facio
385 1904 510 1967 Fecxalrs
522 1916 581 1960 erat
597 1903 637 1960 M.
656 1903 802 1960 Valerius:
836 1915 945 1978 patrem
959 1915 1099 1979 patratum
1114 1907 1163 1981 Sp.

209 1981 327 2040 Fusium
353 1983 428 2052 fecit,
454 1985 573 2040 terbeud
599 1995 684 2058 caput
710 1981 880 2056 capillosque
904 1995 1060 2076 tangens.
1082 1984 1202 2046 Paterso

208 2074 333 2135 patratus
348 2063 404 2120 ud
394 2063 591 2164 jusjurandum
606 2061 783 2136 patrandum,
807 2061 837 2118 id
856 2073 908 2128 est,
934 2045 1121 2122 sanciendum
1134 2064 1166 2120 fit

210 2141 319 2211 loedus;
352 2143 500 2215 multisque
515 2142 543 2198 id
559 2141 658 2197 uerbis
672 2160 735 2214 quae
756 2139 840 2216 longo
863 2140 947 2197 effata
969 2139 1095 2198 carmine
1109 2161 1166 2199 nou

208 2239 301 2294 operae
313 2187 358 2278 est
372 2221 484 2282 referre,
500 2220 616 2296 peragit.
659 2219 785 2294 Legibus
799 2219 903 2276 deinde
918 2220 1052 2292 recitatis,
1075 2224 1093 2256 “
1106 2220 1166 2280 Au·

209 2302 228 2332 “
239 2301 298 2371 di,”
314 2301 413 2374 inquit,
438 2303 455 2333 ‘³
468 2299 485 2356 J
489 2299 597 2373 upiter5
626 2299 703 2369 audi,
717 2309 795 2372 pater
810 2311 917 2372 patrate
931 2299 1025 2374 populi
1040 2301 1145 2356 Albani
1158 2320 1165 2370 3

208 2382 226 2412 “
240 2380 304 2436 audi
320 2394 359 2446 tu,
375 2379 493 2453 populus
508 2377 654 2445 Albanus;
670 2377 758 2433 utillo
771 2377 865 2454 pallam
879 2377 969 2452 prime
980 2391 1120 2452 postrema
1130 2399 1202 2442 exos

208 2462 226 2492 “
239 2459 293 2514 illis
307 2458 410 2514 tabulis
424 2459 524 2513 cerave
539 2457 656 2513 recitata
670 2468 744 2523 sunt,
767 2457 829 2514 sine
844 2456 908 2514 dolo
922 2458 1005 2524 malo,
1021 2457 1117 2532 utique
1131 2478 1167 2514 ea

210 2540 287 2608 “hio
302 2538 385 2593 hodie
401 2537 557 2594 rectissime
583 2535 727 2592 intellecta
750 2547 825 2608 suut,
850 2535 904 2592 illis
922 2535 1033 2611 legibus
1046 2537 1166 2612 populus

209 2617 389 2674 “Romanus
415 2617 575 2690 prior'non
600 2615 722 2672 deficiet.
773 2614 804 2671 Si
828 2614 902 2689 prior
923 2615 1029 2672 defexit
1052 2617 1166 2690 publico

209 2701 227 2730 “
240 2696 366 2765 consilio,
381 2695 445 2752 dolo
459 2694 552 2763 malo;
579 2705 609 2750 tu
624 2694 671 2750 illo
685 2694 741 2760 die,
766 2693 886 2768 Jupiter,
911 2694 1045 2769 populum
1060 2697 1167 2752 Roma·

209 2782 308 2832 “num
333 2776 374 2832 sic
399 2775 489 2846 serito,
513 2786 545 2830 ut
567 2793 621 2850 ego
645 2775 723 2830 huuc
746 2792 863 2848 porcum
886 2773 934 2830 hic
950 2773 1032 2830 hodie
1047 2774 1200 2836 feriamrau

210 2861 228 2891 “
240 2857 373 2930 tantoque
388 2854 478 2929 magis
493 2853 582 2919 serito,
597 2850 702 2926 quanto
718 2852 808 2927 magis
821 2863 900 2928 potes
913 2853 1088 2927 pollesque.’'
1130 2853 1164 2910 Id

210 2935 258 2992 ubi
274 2934 352 3000 dixit,
367 2951 484 3010 porcum
499 2951 565 2989 saxo
579 2932 658 2988 silice
672 2931 819 3006 percussit.
861 2932 921 2988 Sua
945 2931 1013 2990 item
1037 2933 1166 2990 carmina

210 3013 315 3072 Albani
330 3030 466 3088 suumque
479 3011 676 3086 jusjurandum
699 3030 749 3085 per,
766 3029 850 3068 suum
864 3010 1029 3068 dictatorern
1044 3031 1165 3088 suosque

172 3155 173 3159 ,
211 3093 372 3150 sacerdotes
385 3101 564 3168 peregerunt.

249 3250 346 3308 XXV.
381 3247 501 3306 Foedere
526 3248 582 3306 icto
585 3245 760 3324 ,trigemiui,
785 3247 859 3308 sicut
881 3260 1062 3321 convenerat,
1087 3267 1201 3314 armam·

213 3330 337 3420 capiunt.
377 3327 477 3390 Quum
492 3328 536 3386 sui
550 3340 680 3402 utrosque
695 3327 918 3418 adhortarentur,
932 3331 951 3363 “
963 3328 1039 3384 Deos
1050 3327 1163 3418 patrios,

107 3419 115 3432 ⁶
211 3415 230 3446 “
243 3409 370 3486 patriam,
385 3426 419 3464 ac
433 3419 573 3482 parentes,
597 3406 772 3482 quidquid
747 3407 852 3464 civium
876 3407 961 3496 domi,
984 3406 1141 3495 quidquid
1134 3427 1165 3513 tp

211 3488 369 3546 “exercitu
382 3485 428 3558 sit,
442 3485 551 3543 illorum
566 3498 635 3542 tunc
649 3505 736 3556 arma,
760 3485 870 3542 illorum
894 3483 997 3542 intueri
1016 3487 1165 3556 manue;”

169 3561 177 3573 ’
212 3570 321 3627 seroces
334 3577 362 3623 et
376 3531 473 3640 sutipte
487 3565 612 3656 ingenio,
632 3574 662 3620 et
684 3563 760 3638 pleni
774 3563 981 3624 adhortantium
995 3563 1143 3633 vocibus,
1135 3586 1165 3624 m

139 3690 145 3705 .
213 3645 359 3706 medium
352 3655 424 3702 mter
438 3644 508 3700 duas
522 3644 599 3699 acies
612 3643 777 3719 procedunt.
819 3642 1020 3701 Consederaut
1024 3644 1164 3739 ptrimque
1174 3671 1198 3714 ιη

214 3747 265 3804 pro
278 3725 377 3788 castris
390 3723 448 3782 duo
469 3722 622 3791 exercitus,
646 3721 764 3798 periculi
788 3721 878 3797 magis
901 3723 1056 3813 presentis,
1080 3723 1164 3800 quem

213 3825 298 3874 curae,
323 3814 469 3882 expertes:
499 3801 601 3878 quippe
625 3801 773 3878 imperium
795 3801 971 3879 agebatur,
958 3822 994 3864 ιιι
1017 3817 1075 3862 tam
1098 3821 1167 3880 pate
1208 3810 1212 3817 “

438 4057 454 4101 b
