2648 4338
414 363 518 414 LIBER
533 363 604 415 xxt.
620 378 683 414 aar.
699 377 773 414 tarr.
1042 365 1101 428 1oe

187 504 296 566 XLVI.
330 506 417 584 Apud
443 507 589 566 Romanos
618 507 833 584 haudquaquam
864 517 943 567 tanta
970 507 1100 566 alacritas

147 597 217 654 erat,
232 604 316 662 super
329 598 432 644 catera
444 587 606 646 recentibus
619 586 709 644 etiam
724 587 835 644 territos
848 588 1002 664 prodigiis:
1032 605 1100 644 nam
1157 587 1162 604 ¹

11 675 12 728 t
147 676 176 723 et
189 665 273 741 lupus
293 665 444 725 intraverat
464 666 756 742 eastralaniatisque
779 667 879 739 obuiis,
894 667 953 742 ipse
975 665 1100 724 intactus

146 754 293 814 evaserat3
326 753 355 801 et
366 763 486 812 exaruen
501 763 585 822 apum
610 745 638 802 in
663 745 761 802 arbore
785 745 913 822 pretorio
933 746 1100 803 imminente

11 817 13 838 ⁸
124 823 323 883 unonsederat.
386 821 501 884 Quibus
531 823 696 898 praestratis,
728 814 835 900 Scipio,
873 843 939 882 aum
973 824 1099 900 equitatu

11 903 12 910 ’
143 900 401 978 jaculatoribusque
414 902 552 977 expeditis
566 902 708 978 profectus
731 903 766 960 ad
791 915 883 960 eastra
897 903 1028 974 hostium,
1049 921 1100 960 ex-

145 999 201 1056 que
214 980 369 1056 propinquo
382 981 487 1056 cupias,
501 993 623 1056 quantae,
636 993 666 1040 et
685 980 768 1058 culus
787 982 900 1059 generis
913 993 1017 1049 essent,
1039 1000 1100 1058 spe-

145 1059 293 1126 cubadus,¹
307 1060 405 1120 obvius
418 1059 449 1116 fit
465 1059 629 1129 Hannibali,
652 1071 681 1138 et
702 1061 755 1136 ipsi
769 1079 835 1118 aum
849 1061 990 1136 equitibus
1004 1061 1039 1118 ad
1053 1081 1102 1120 ex·

11 1203 12 1208 ἵ
145 1138 281 1214 ploranda
294 1137 370 1196 eirea
384 1126 446 1196 idea
459 1157 613 1215 progresso.
655 1139 757 1198 Neutri
771 1140 873 1198 alteros
893 1138 982 1216 primu
1003 1157 1103 1198 eerne-

113 1217 233 1286 tabqnt:
267 1217 381 1276 densior
401 1217 505 1275 deinde
532 1217 645 1276 incessu
676 1229 716 1276 tot
744 1219 889 1276 hominum
910 1238 1101 1295 equorumque

135 1295 241 1354 'oriens
254 1296 343 1372 pulvis
357 1296 468 1374 signum
483 1297 730 1374 propinquantium
746 1297 867 1360 hostium
886 1297 946 1356 fuit.
988 1298 1101 1356 Consti·

145 1375 180 1433 tit
199 1385 348 1450 utrumque
369 1394 483 1450 agmen,
503 1385 532 1434 et
552 1376 649 1452 proelio
672 1396 734 1434 sese
754 1377 952 1453 expediebant.
1003 1377 1101 1453 Scipio

142 1453 312 1530 jaeulatores
330 1468 361 1526 et
380 1454 476 1512 Gallos
496 1455 605 1530 equites
617 1456 648 1513 in
662 1455 752 1513 fronte
767 1456 859 1526 loeat;
879 1457 1044 1524 Romanos,
1058 1473 1102 1512 so·

145 1533 309 1609 ciorumque
329 1534 402 1609 qued
424 1533 529 1592 roboris
544 1534 605 1602 suit,
622 1536 651 1592 in
666 1535 807 1594 subsidiis.
849 1535 994 1596 Hannibal
1010 1536 1101 1594 stena-

11 1667 21 1693 ξ,
114 1623 189 1672 utos
202 1614 312 1688 equites
325 1613 353 1670 iu
368 1613 493 1671 medium
508 1614 621 1690 accipit,
635 1633 742 1672 eornua
756 1615 890 1678 Numidis
903 1616 1003 1674 firmat.
1032 1615 1102 1672 vix-

144 1691 212 1752 dum
227 1691 349 1752 clamore
363 1692 481 1764 sublato,
494 1693 663 1769 jaculatores
684 1693 817 1770 fugerunt
832 1695 905 1754 iuter
919 1695 1045 1754 subsidia
1064 1693 1100 1752 ad

144 1771 300 1830 secundam
314 1771 422 1828 aciem:
457 1772 830 1848 inde.equitum.eertamen
849 1784 909 1832 erat
929 1774 1101 1852 aliquamdiu

144 1868 217 1908 anne
237 1869 270 1907 s:
291 1849 368 1923 dein,
382 1850 448 1926 quia
461 1851 613 1908 turbabant
626 1871 713 1928 equqs
726 1854 835 1928 pedites
850 1853 1013 1925 intermixti,
1029 1855 1101 1912 mul·

144 1929 181 1991 tis
192 1869 352 1988 lalentlbus
365 1949 400 1988 ex
414 1930 502 2006 equis,
517 1941 564 1988 aut
578 1929 782 2004 desilientibus,
792 1931 846 1990 att
864 1941 930 1993 suos
945 1933 1032 2006 premi
1047 1934 1102 1992 cir·

110 2020 311 2066 meumventos
334 2009 477 2078 vidissent,
501 2009 559 2086 jam
583 2011 688 2086 magnai
708 2029 744 2068 ex
763 2021 841 2086 parte
856 2011 891 2068 ad
905 2012 992 2086 pedes
1006 2031 1102 2090 pugna

145 2087 236 2155 ieratt
264 2087 357 2146 donee
375 2087 402 2146 N
406 2089 519 2155 umidae‚
540 2089 628 2163 quiin
650 2089 790 2149 cornibus.
804 2101 902 2160 erant,¹
915 2091 1099 2150 circumventi

144 2167 352 2244 paulultim,ab
372 2178 451 2244 tergo
472 2187 502 2224 se
515 2168 708 2226 ostenderunt.
751 2167 874 2244 lepaver
891 2163 1014 2245 ¹perculit
1040 2171 1101 2236 Ro·

144 2263 254 2319 manns,
269 2246 402 2328 auxitque
415 2265 546 2322 pavorem
560 2248 684 2306 nonsulis
700 2247 812 2314 vulnus,
826 2249 1039 2324 periculumque
1060 2251 1101 2308 in·

144 2335 273 2384 tercursu
297 2338 356 2384 tum
381 2324 500 2402 primum
527 2326 709 2402 pubescentis
730 2327 779 2386 lilii
801 2327 1001 2404 propulsatumL
1042 2329 1101 2390 Hie
1131 2328 1137 2345 '

112 2405 199 2463 sterit
209 2405 330 2482 juvenis,
345 2413 432 2484 penes
445 2424 528 2480 quem
543 2405 661 2482 persenti
674 2407 794 2484 'hujusce
806 2401 870 2464 belli
885 2407 947 2464 laus
959 2419 1011 2481 est,
1025 2409 1102 2467 Atri-

144 2503 234 2542 canus
246 2483 283 2542 ob
297 2484 439 2561 egregiam
454 2484 598 2542 victoriam
612 2485 648 2542 de
663 2487 825 2548 Hannibale
845 2485 995 2563 Poenisque
1006 2487 1102 2565 appel·
1166 2531 1170 2538 -

143 2563 225 2622 latus.
267 2563 349 2640 Fuga
368 2575 463 2623 tamen
485 2565 574 2622 etlbsa
590 2565 777 2642 jaculatorun't
799 2567 923 2628 maxime
946 2567 1007 2633 suit,
1032 2587 1102 2642 quos

143 2641 250 2718 primos
263 2642 583 2702 Numida-invaserunt.
626 2645 709 2702 Alius
722 2646 865 2702 consertus
878 2647 1019 2721 equitatus
1033 2665 1101 2703 eon·

144 2722 235 2780 sulem
249 2722 278 2778 in
293 2722 417 2780 medium
432 2727 591 2798 acceptum,
603 2743 663 2780 non
672 2725 757 2782 armis
772 2724 863 2797 modti,
877 2725 927 2782 sed
941 2725 1025 2781 etiam
1040 2743 1101 2782 eor·

111 2801 259 2878 saporibus
279 2801 347 2873 suis,
368 2812 529 2878 protegens,
555 2801 583 2858 iu
602 2815 703 2874 castra,
725 2809 862 2878 nusquam
877 2803 985 2880 trepide
1008 2822 1100 2878 neque

143 2879 235 2940 effuse
250 2876 388 2947 cedendo,
403 2880 522 2938 reduxit.
564 2881 673 2940 Servati
687 2881 811 2942 consulis
832 2883 920 2940 decus
933 2882 1042 2942 (laelius
1065 2883 1101 2940 ad

142 2976 256 3016 servum
279 2959 393 3028 natione
414 2957 548 3034 Ligurem
569 2960 697 3037 delegat:
726 2961 821 3018 malim
842 2961 972 3037 equidem
994 2961 1031 3018 de
1044 2961 1101 3020 tilio

143 3055 241 3094 rerum
255 3055 325 3110 esse,
340 3038 414 3116 quod
427 3049 457 3094 et
477 3037 571 3114 plures
594 3040 734 3100 tradidere
755 3041 895 3114 enatares,
918 3051 947 3098 et
965 3040 1101 3100 sama'ob·

143 3115 237 3179 tinuit.
839 3121 842 3137 ¹
