2642 4338
220 317 280 404 pp
396 401 453 431 Ι,
611 338 680 390 nar
697 333 804 432 ¹mvn

222 448 342 563 propcrd
357 460 498 550 consules,
520 481 552 540 P.
567 479 714 542 Servilius
723 494 752 545 et
772 471 833 559 Ἀρ.
850 483 998 556 Claudius,
1012 483 1047 542 ad
1061 483 1184 561 compti·
1310 489 1312 560 l

169 567 171 575 '
224 562 358 621 mendam
371 561 561 622 seditionem
555 559 779 635 intervenissent.
814 562 849 620 ln
864 563 1075 622 eosnrultitudo
1089 583 1182 634 versa,
1311 571 1312 606 l

222 653 365 700 ostentare
386 641 499 699 vincula
512 661 589 712 ,sua
619 625 895 718 deformitatemque
893 643 1002 700 aliam.
1057 643 1130 700 Haec
1151 663 1183 702 se
1311 651 1312 656 ’

137 727 147 734 ’
224 721 339 780 meritos
353 721 459 793 dicere,
473 719 675 818 exprobrantes
689 735 770 778 suam¹
782 721 919 814 quisque
914 723 993 781 alius
1001 722 1073 780 alibi
1088 723 1185 782 militi·

223 819 279 858 am.
321 767 475 867 Postulans,
500 800 588 858 multo
613 795 761 866 minaciter
783 802 872 890 magis
892 800 983 877 quam
1007 802 1183 877 suppliciter,
1208 819 1226 858 ⁵

223 894 254 936 ut
268 891 397 938 senatum
413 889 563 938 vocarent:
584 880 747 971 curiamque
762 880 830 970 ipsi,
846 880 930 938 futuri
945 881 1041 938 arbitri
1056 881 1185 940 modera·
1311 893 1312 896 ’

162 955 167 976 ’
197 971 201 986 “
223 969 352 1033 torosque
372 959 480 1034 publici
503 959 624 1027 consilii,
646 951 873 1017 circumsistunt.
920 959 1007 1016 Pauci
1029 961 1183 1018 admodum

182 1054 188 1065 ·
223 1037 348 1105 Parrum,
362 1057 432 1113 quos
446 1057 529 1096 casus
541 1039 691 1106 obtulerat
714 1039 852 1096 contracti
866 1039 901 1096 ad
916 1039 1064 1100 consules:
1097 1051 1184 1098 crete·

222 1136 268 1174 ros
282 1129 373 1175 metus
380 1126 444 1180 non
458 1119 543 1176 curia
554 1115 648 1191 modo,
657 1119 712 1176 sed
726 1118 812 1176 etiarn
827 1117 886 1176 foro
899 1119 1031 1188 arcebat;
1066 1137 1121 1176 nec
1135 1119 1183 1195 agi

222 1197 374 1272 quidquam
398 1216 447 1272 per
471 1197 689 1272 infrequentiam
714 1203 823 1273 poterat
846 1199 969 1254 senatds.
1016 1198 1093 1257 Tum
1114 1215 1183 1255 vero
1194 1216 1222 1254 ro

222 1275 298 1334 eludi
313 1288 397 1351 atque
410 1276 519 1336 extrahi
533 1295 564 1334 sc
585 1277 736 1344 multitudo
749 1288 868 1356 putare3
887 1287 928 1347 et,
942 1277 1059 1334 Parrum
1072 1277 1120 1352 qui
1135 1278 1184 1334 ab·

210 1357 327 1424 essent,
355 1363 417 1424 non
438 1375 515 1426 casu,
543 1375 600 1414 non
628 1367 715 1424 metu,
742 1357 792 1412 sed
820 1356 1021 1438 impediendae
1034 1343 1074 1414 lei
1095 1359 1183 1414 cansa

222 1428 332 1507 abesse,
353 1445 382 1492 et
401 1401 561 1517 consulite
554 1455 628 1510 ipsos
645 1435 843 1512 tergiversari;
875 1455 930 1510 nec
950 1423 1036 1496 dubie
1060 1435 1183 1494 ludibrio

222 1533 284 1572 esse
298 1513 427 1572 miserias
438 1533 512 1572 suas
538 1514 611 1572 lam
625 1513 709 1591 prope
723 1522 793 1582 erat,
808 1526 840 1572 ut
853 1534 889 1572 ne
903 1515 1052 1572 consulum
1065 1511 1182 1590 quidem

222 1593 356 1669 majestas
369 1599 514 1652 coerceret
533 1593 589 1650 iras
610 1595 779 1663 bominum
807 1613 903 1668 quum,
912 1594 1030 1666 incerti,
1045 1594 1183 1652 morando
1193 1611 1222 1650 1⁵

221 1691 258 1728 an
273 1672 422 1740 veniendo,
436 1673 500 1748 plus
513 1673 633 1750 periculi
646 1674 855 1748 contraherent,
877 1673 1014 1731 tandem
1004 1690 1035 1730 ιιι
1051 1673 1183 1732 senatum

221 1751 356 1820 veniunt3
377 1751 572 1828 frequentique
586 1753 700 1810 tandem
715 1751 804 1818 curirl',
820 1750 876 1810 non
891 1751 975 1810 modd
986 1753 1059 1810 inter
1072 1752 1181 1826 Patres,

210 1829 271 1888 sed
286 1849 323 1888 ne
338 1831 411 1904 inter
425 1832 557 1890 consules
576 1831 690 1908 quidem
704 1831 789 1907 ipsos,
802 1829 872 1888 satia
886 1831 1081 1890 conveniebat.
1123 1831 1184 1907 Ap-

164 1959 167 1966 ,
207 1909 293 1990 pius,
308 1911 483 1968 vehementis
495 1911 605 1988 ingenii
616 1911 667 1978 vir,
682 1911 800 1986 imperio
814 1911 957 1968 consulari
966 1930 1032 1968 rem
1040 1911 1184 1986 agendam

221 1991 373 2048 censebat:
395 2009 452 2048 uno
465 2001 515 2048 aut
528 1991 615 2049 altero
623 1991 745 2067 arrepto,
757 1990 902 2065 quieturos
915 1990 993 2052 alios.
1035 1990 1180 2061 Servilius,
1190 2007 1223 2048 ao

220 2067 333 2136 lenibus
346 2067 480 2128 remediis
492 2070 891 2146 aptior‚'c0ncitatqsanimos
905 2067 991 2143 flec'ti,
1004 2071 1092 2145 quam
1106 2070 1183 2128 fran-

191 2153 194 2158 “
220 2149 259 2223 gi,
274 2149 391 2225 putabat
403 2169 489 2262 quum
504 2150 609 2220 tutius.
616 2161 677 2207 turn
692 2149 813 2222 facilius,
822 2149 898 2260 esse.

210 2313 212 2323 ’
259 2307 374 2365 XXIV.
409 2307 497 2372 luter
515 2307 577 2365 ltaec
597 2283 700 2384 inajor
707 2307 792 2366 alius
803 2317 929 2366 terror.
948 2307 1042 2385 Latini
1065 2275 1185 2384 equites

219 2404 287 2443 curn
301 2386 474 2454 tumultuoso
485 2387 618 2444 advolant
632 2387 742 2458 nuntio,
763 2382 920 2446 “Volscos
931 2387 1040 2446 infesto
1053 2387 1182 2448 exercitu

219 2465 285 2522 “ad
301 2465 398 2540 urbem
417 2453 665 2541 oppugnandam
659 2465 791 2524 venirer’
793 2467 884 2541 'q'uae
897 2466 995 2530 audita
1010 2457 1096 2544 (aded
1110 2467 1219 2528 duasne
1311 2493 1312 2506 ³

187 2567 189 2574 ·
219 2561 256 2602 ex
272 2563 330 2602 una
344 2531 457 2602 civitate
471 2545 614 2602 discordia
627 2529 747 2624 fecerat)
768 2543 876 2624 longe
867 2545 949 2602 aliter
963 2545 1071 2604 Patres
1075 2565 1109 2604 ac
1119 2545 1182 2621 plc-

220 2623 284 2680 bem
299 2624 438 2684 'affecere¹
470 2624 620 2684 Exsultare
633 2625 739 2700 gaudio
753 2617 876 2700 plebes:
889 2629 907 2659 “
921 2625 1025 2682 ultores
1040 2624 1181 2701 superbire

219 2707 237 2740 “
250 2703 364 2762 Petrum
375 2703 502 2760 adesset
517 2704 627 2792 dicere
633 2708 651 2738 “
663 2703 789 2764 Deos:”¹
816 2704 887 2762 alius
899 2704 986 2763 aliurn
1001 2705 1180 2777 confirmare,

220 2803 257 2842 ne
271 2783 387 2842 nomina
400 2783 517 2854 darent:
542 2781 562 2820 “
560 2771 636 2842 curit
649 2781 782 2843 omnibus
793 2781 897 2871 potiris,
910 2803 994 2858 quam
1009 2783 1092 2851 solos,
1106 2783 1200 2858 peri·

219 2868 334 2924 “turos
376 2863 473 2922 Patres
487 2845 649 2932 militarent,
664 2863 762 2921 Patres
783 2880 861 2925 arma
881 2876 1026 2954 caperent,
1047 2875 1078 2922 ut
1091 2881 1217 2940 penesso

220 2942 361 3000 “eosdem
382 2942 510 3018 pericula
536 2941 612 3015 belli,
633 2961 722 3018 penes
742 2962 812 3033 quos
832 2943 957 3019 praemia,
974 2944 1096 3004 essent.''
1138 2942 1180 3000 At

219 3020 284 3078 verri
299 3021 387 3088 curia,
403 3033 503 3080 moesta
513 3031 551 3080 ac
565 3023 675 3098 trepida
689 3021 806 3112 ancipiti
821 3032 941 3079 metuet
961 3023 997 3097 ab
1018 3023 1080 3080 cive
1093 3031 1122 3080 et
1142 3022 1179 3078 ab

219 3100 310 3171 hoste,
331 3101 482 3162 Servilium
501 3101 664 3171 consulem,
687 3101 735 3158 cui
765 3097 913 3177 ingenium
933 3101 1036 3178 magis
1034 3099 1179 3180 populare

122 3199 124 3208 ’
208 3195 292 3254 erat,
303 3198 390 3251 orare,
405 3191 437 3238 nt
450 3180 536 3238 tantis
547 3180 771 3238 circumventam
780 3180 933 3238 terroribus
945 3181 1092 3258 expediret
1105 3195 1179 3236 rem-

219 3257 371 3334 publicam.
413 3259 491 3316 Tum
506 3259 616 3328 consul,
638 3261 724 3318 misso
744 3271 854 3328 senatu,
876 3259 917 3318 in
927 3259 1095 3325 concionem
1114 3276 1219 3336 pro-as

151 3347 154 3350 '
219 3337 276 3394 dit:
310 3335 349 3394 ibi
374 3357 449 3396 curae
470 3359 533 3396 esse
542 3337 679 3398 Patribus
698 3341 831 3410 ostendit,
853 3350 884 3396 ut
903 3338 1064 3404 consulatur
1085 3337 1178 3412 plebi:

220 3414 356 3474 craterum
375 3413 572 3478 deliberationi
595 3419 631 3476 de
653 3419 788 3476 maxima
797 3419 911 3492 quidem
933 3417 988 3482 illa,
1010 3417 1060 3472 sed
1081 3426 1178 3476 tamen

220 3507 297 3572 parte
311 3494 442 3562 ciuitatis
458 3509 565 3556 metum
579 3517 630 3573 pro
648 3497 779 3554 universa
800 3495 974 3570 republica
968 3495 1174 3566 intervenisse;

220 3595 276 3634 nec
289 3593 380 3650 posse,
403 3594 490 3649 quum
512 3576 606 3642 hostes
620 3576 715 3652 prope,
728 3575 763 3632 ad
777 3586 871 3650 portas
888 3588 995 3641 essent,
1017 3575 1090 3634 bello
1110 3595 1179 3651 prae·

220 3655 336 3714 vertisse
350 3653 501 3730 quidquam
515 3675 521 3711 r
555 3675 619 3723 nec,
642 3655 665 3712 si
679 3654 715 3712 sit
739 3653 892 3722 laxamenti
913 3653 1028 3729 aliquid,
1042 3667 1091 3712 aut
1104 3653 1178 3730 plebi
1188 3672 1213 3712 ιι

191 3764 193 3772 1
221 3735 373 3792 honestum
386 3754 458 3802 esse,
472 3734 526 3793 nisi
542 3735 674 3792 mercede
687 3732 766 3810 priris
787 3735 914 3808 acceptfr,
936 3753 1014 3792 arma
1028 3754 1077 3810 pro
1091 3733 1179 3810 patria

175 3803 185 3826 ⁰
220 3832 280 3880 uon
298 3815 425 3892 cepisse;
452 3822 551 3891 'nsque
572 3813 703 3874 Patribus
730 3813 800 3872 setis
828 3813 972 3886 decorum,
1001 3833 1051 3891 per
1072 3823 1178 3873 metum
