2646 4340
204 289 265 366 me
605 283 774 364 rimaran
813 339 820 356 Α,

206 438 295 495 “tuna
308 432 364 492 vim
384 433 516 493 Fortuna
536 431 715 510 Martemque
735 432 802 492 belli
822 451 1013 512 communem,
1033 450 1158 511 propone

206 511 336 573 “animo.
377 513 523 592 Utrimqpe
544 508 658 582 serrum,
679 532 795 590 corpora
815 510 940 570 liumaua
959 523 1059 570 erunt:
1090 531 1158 569 nus-

205 600 318 667 “quam
341 590 433 665 mimis
451 591 541 668 quim
567 591 596 650 iu
618 593 701 665 bello,
722 603 840 650 eventus
859 591 1047 672 respondeat·
1087 589 1157 649 Non

205 678 224 712 ‘⁶
233 681 343 730 tantum
356 671 391 740 ad
402 671 453 745 id,¹
465 672 540 746 quod
553 671 620 728 data
633 691 704 748 pace
715 671 774 748 jam
792 669 896 729 habere
910 681 999 746 potes,
1023 669 1046 728 si
1059 669 1158 745 proelio

204 757 223 794 ‘t
232 750 338 824 vincas,
352 750 448 828 glorie
463 749 610 827 adjeceris,
625 761 760 826 quantum
773 750 921 830 ademeris,
935 749 959 806 si
970 749 1038 824 quid
1049 747 1157 816 adversi
1178 759 1194 800 a

120 881 125 895 ,
204 836 223 869 “
232 830 352 887 eveniat
374 829 466 888 Simul
479 840 559 906 parta
573 847 607 886 ac
620 829 731 906 sperata
744 823 848 888 decora
861 829 946 888 unius
957 828 1033 886 horre
1048 827 1159 884 fortuna

204 915 360 966 “evertere
371 911 470 984 potest
512 907 619 966 Omnia
632 907 662 966 in
673 921 744 984 pace
765 907 911 986 jungenda
935 917 991 965 tuae
1014 905 1159 982 potestatis
1184 925 1186 932 ⁴

203 993 221 1026 “
231 999 306 1060 sunt,
320 987 352 1046 P.
367 987 499 1048 Corneli:
529 1000 599 1046 tunc
610 1006 646 1044 ea
660 987 791 1064 habenda
805 987 915 1046 fortuna
935 985 999 1062 erit,
1010 1003 1095 1060 quarn
1109 983 1170 1042 Dii'

203 1057 374 1126 “dederiuti
426 1066 506 1126 Inter
539 1085 631 1143 pauca
656 1067 799 1140 felicitatis
816 1065 994 1140 rvirtutisqne
1028 1063 1160 1138 exempla

172 1206 184 1225 ,
203 1154 222 1184 ‘⁶
232 1143 274 1202 M.
290 1145 396 1204 Atilius
414 1147 558 1222 quondam
578 1145 608 1202 in
629 1147 689 1204 hac·
703 1147 892 1206 eddemterrh
903 1143 1011 1212 suisset,
1033 1143 1060 1200 si'
1071 1142 1194 1200 victorio

172 1224 178 1235 '
202 1231 221 1264 “
230 1228 331 1300 pacem
348 1225 511 1302 petentibus
524 1225 648 1303 dedisset
657 1225 783 1302 patribus
794 1225 914 1295 uostris:
941 1242 1002 1297 non,
1009 1221 1160 1300 statuendo

203 1314 222 1342 “
231 1305 346 1374 taudem
361 1303 488 1382 felicitati
502 1305 625 1376 modum,
645 1323 699 1364 uec
713 1304 873 1372 cohibendo
886 1303 1049 1360 efferentem
1063 1313 1093 1358 se
1107 1299 1161 1358 scr·

193 1390 339 1457 ,“tunam,
358 1382 462 1460 quanti)
483 1381 565 1441 altilis
585 1383 675 1440 elatus
694 1394 764 1456 erat,
784 1381 818 1441 ed
832 1381 933 1451 lredids
953 1380 1066 1444 corruit.
1108 1379 1161 1437 Est

202 1463 347 1538 “quidem
363 1463 445 1540 ejus,
466 1463 514 1538 qui
541 1463 598 1530 dat,
620 1481 677 1520 non
698 1463 746 1540 qui
766 1463 845 1538 petit,
866 1459 1043 1532 conditiones
1062 1458 1159 1516 dicere

202 1543 327 1618 “pacis:
349 1543 399 1600 sed
414 1541 529 1600 forsitan
543 1561 600 1599 non
619 1541 728 1618 indigni
753 1542 851 1613 simus,
862 1540 923 1616 iqui
944 1539 1085 1614 nobismet
1106 1537 1194 1614 ipsirs

91 1679 97 1690 ,
201 1624 221 1658 ‘⁴
230 1621 347 1678 multam
361 1622 526 1698 irrogemus.¹
566 1620 634 1678 Nou
648 1639 821 1688 recusamus,
835 1620 904 1694 quin
921 1619 1025 1689 omnia,
1048 1629 1159 1694 propter

109 1753 120 1760 .
202 1706 292 1775 “„qnae
306 1700 411 1758 bellum
425 1700 527 1758 initum
540 1709 592 1771 est,
609 1711 698 1766 vestra
711 1699 777 1766 sint,
801 1699 910 1772 Sicilia,
935 1697 1076 1768 Sardinia,
1093 1696 1160 1773 His

202 1779 324 1855 “paula
338 1779 473 1858 quidquid
496 1779 656 1843 insularum¹
672 1791 731 1838 toto
743 1778 822 1836 inter·
841 1778 970 1856 Africani
991 1769 1159 1852 Italiamque

203 1859 392 1917 “continetur
417 1857 513 1916 muri.¹
547 1858 808 1935 Carthaginienses,
829 1855 932 1920 inclusi
954 1846 1061 1914 Africae
1075 1854 1160 1934 litori-

202 1937 295 2012 “bus,
322 1957 370 1996 vos
397 1932 523 2014 (quando
544 1937 583 1998 ita
603 1937 666 1996 Diis
685 1937 806 2016 placuit)
837 1948 957 1994 externa
976 1935 1062 2006 etia'm
1082 1933 1194 2014 terrim

201 2017 357 2093 “mariqne
384 2017 530 2076 videamus
550 2029 681 2093 regentes
700 2016 826 2092 imperia.
878 2015 964 2079 Haud
985 2012 1158 2090 negaverim,

202 2103 342 2173 “propter
362 2116 420 2155 non
441 2097 527 2154 nimis
540 2096 649 2154 sincere
664 2096 780 2172 petitam
802 2105 850 2154 aut
862 2105 1054 2170 exspectatam
1068 2096 1160 2168 nuper

202 2182 221 2214 “
230 2195 340 2251 pacem,
367 2179 528 2252 suspectam
550 2194 613 2232 esse
633 2175 712 2234 vobis
733 2174 870 2234 Punicam
890 2173 975 2230 fidem
985 2191 1000 2250 ς.
1029 2171 1157 2238 mahtim,

201 2260 279 2330 “per
292 2275 362 2330 quos
375 2255 462 2332 petita
474 2255 519 2326 sit,
534 2255 570 2312 ad
590 2254 675 2312 fidem
689 2254 803 2312 tuende
816 2253 895 2330 pacis
904 2251 1034 2328 pertinet,
1048 2249 1156 2326 Scipio.

192 2339 221 2375 -“
230 2333 324 2392 Vestri
344 2353 454 2410 quoque
479 2333 524 2411 (ut
544 2333 638 2410 audio)
660 2333 758 2392 Patres
777 2331 910 2410 nonnihil
926 2331 1011 2388 etiam
1031 2329 1069 2388 ob
1090 2329 1194 2397 homas

202 2416 221 2450 “
229 2412 295 2488 quia
308 2407 564 2489 parumdiguita‘tis
578 2413 607 2470 in
618 2413 759 2490 legatione
768 2421 843 2480 erat,
857 2419 1031 2488 negaverunt
1044 2417 1158 2484 pacem.

111 2540 115 2556 ,
203 2489 376 2550 “Hannibal
397 2502 600 2568 petopaccm3
631 2491 679 2568 qui
700 2509 799 2567 ,neque
827 2493 959 2568 peterem,
981 2487 1035 2545 nisi
1056 2485 1159 2546 utilem

202 2570 397 2630 “crederam:
430 2577 470 2640 et¹
484 2582 595 2646 propter
626 2570 756 2636 eamdem
784 2565 930 2628 utilitatem
960 2566 1059 2624 tuebor
1080 2584 1158 2636 eam,

135 2662 138 2678 ²
202 2653 341 2724 “propter
355 2667 440 2724 quant
453 2649 538 2726 petii:
571 2650 871 2726 et,'quemadmodum,-
884 2641 1036 2723 quiaame
1050 2643 1158 2722 bellurn

203 2731 222 2764 “
231 2737 357 2803 coeptum
370 2733 422 2799 est,
446 2747 483 2786 ne
496 2747 579 2804 quem
593 2729 654 2805 ejus
667 2729 826 2806 paeniteret,
847 2725 939 2804 quoad
953 2723 1006 2800 ipsi
1026 2723 1158 2784 invidere
1167 2739 1193 2780 aa

153 2868 155 2874 ,
201 2804 296 2920 :SDeh
320 2807 456 2913 praeptiti3
487 2808 526 2866 ita
539 2799 658 2877 auditas,
679 2827 814 2885 nequem
830 2798 915 2884 pacis
934 2823 983 2881 per
1003 2811 1050 2861 me
1070 2814 1158 2880 pane

214 2885 374 2961 ‘peniteat
735 2891 737 2898 “
1055 2878 1059 2894 ¹
1133 2888 1137 2900 ’

233 3041 358 3102 XXXI.
393 3044 538 3102 Adversus
551 3045 614 3102 haec
627 3043 939 3121 imperatcr,'Rdmanus
960 3043 990 3100 iu
1004 3043 1080 3100 hanc
1100 3039 1157 3099 lere

202 3123 372 3180 sententiam
381 3123 538 3204 respoudit.
579 3131 598 3162 “
608 3123 675 3182 Non
690 3143 734 3182 ma
748 3115 1039 3194 fallebat,'Haunibal,
1054 3114 1158 3190 adseri·

199 3196 279 3254 .“tds
306 3200 350 3258 tui
380 3219 429 3277 spe
457 3201 707 3280 Carthaginienses
734 3213 763 3260 et
789 3212 957 3279 presentem
978 3200 1193 3258 induciarumae

204 3281 223 3314 “
232 3275 326 3348 iidem,
340 3289 369 3336 ct
382 3299 461 3355 spem
473 3281 553 3356 pacis
565 3282 712 3340 turbasse:
743 3301 834 3357 neque
856 3291 886 3340 tu
900 3280 929 3338 id
942 3282 1012 3348 sane
1027 3277 1160 3336 dissimu-

205 3358 224 3392 ‘⁶
232 3353 281 3424 las,
295 3355 343 3430 qai
357 3357 393 3414 de
407 3359 617 3418 conditionibus
631 3361 820 3436 superioribus
840 3359 919 3436 pacis
941 3357 1037 3416 omnia
1050 3356 1160 3414 subtra-

205 3437 225 3470 “
235 3433 295 3500 has,
309 3444 409 3509 preter
419 3455 463 3508 ea,
483 3457 546 3514 qua
562 3439 623 3515 jam
642 3440 750 3515 pridem
771 3441 801 3496 in
821 3437 917 3497 nostrai
929 3440 1068 3512 potestate
1082 3445 1158 3494 sunt.

143 3583 149 3594 ‚
206 3512 388 3584 “Caeterdm,
402 3513 541 3576 sicuttibi
564 3537 639 3574 cure
663 3529 715 3588 est,
731 3519 841 3582 ⁴sentire
862 3517 938 3574 cives
957 3525 1032 3588 tuos,
1053 3525 1159 3590 quanto

205 3594 284 3666 “per
303 3601 331 3649 te
350 3611 435 3650 onere
456 3593 602 3663 leventur;
623 3595 665 3650 sic
678 3595 747 3652 mihi
767 3588 951 3653 laborandum
966 3604 1020 3668 est,
1035 3613 1083 3662 ne,
1096 3610 1193 3670 quaeao

206 3673 304 3728 “tunc
317 3670 493 3748 pepigerunt,
507 3671 591 3748 hodie
614 3673 757 3732 subtracta
779 3692 816 3746 ex
838 3672 1050 3734 conditionibus
1070 3672 1158 3749 pacis,

206 3750 485 3828 “premiaperlidie
506 3749 637 3823 habeant.
669 3750 804 3830 indigui,
822 3753 923 3830 quibus
944 3753 1045 3814 eadem
1065 3760 1160 3830 pateat
