2642 4338
211 341 251 402 ω
439 304 442 314 ’
607 331 676 390 τιτι
692 340 776 392 mvn

212 495 284 556 sent,
298 501 391 561 neque
405 483 451 546 ille
472 483 566 544 miuds
585 484 743 543 obstinatus
763 483 872 562 ingenti
892 494 1005 562 pontem
1024 483 1168 547 obtineret

211 565 311 640 gradu,
339 565 397 641 jam
418 565 527 640 impetu
554 564 730 622 conabamur
755 565 907 622 detrudere
936 565 1056 633 virum-,2
1078 585 1165 640 quum

211 644 295 706 timul
311 643 402 720 fragor
423 643 497 719 rupti
511 643 613 719 pontis,
628 643 710 702 simul
726 643 831 700 clamor
845 644 1051 716 Romanorum,
1066 644 1167 706 alacri·

151 741 153 744 ·
210 731 268 779 tate
282 723 399 798 perfecti
412 722 505 798 operis
518 721 654 788 sublatus,
668 735 771 798 pavore
784 722 876 779 subito
894 722 1029 798 impetum
1043 723 1167 780 sustinu-

211 800 256 858 iu·
282 801 359 858 Tum
384 801 495 872 Cocles,
522 801 688 858 “Tiberine
714 803 820 876 pater,”
845 801 944 875 inquit,
965 804 986 835 ‘⁶
995 812 1033 872 te,
1055 813 1164 872 sancte,
1187 817 1202 857 a

178 901 181 910 ’
210 883 229 944 ‘.‘
239 896 348 956 precor,
358 881 424 938 baec
438 899 515 938 arma
528 891 557 938 et
571 881 647 946 hunc
666 880 786 937 militem
800 879 918 956 pro'pitio
931 878 1048 942 flumine
1057 881 1166 956 accipi-

210 961 299 1015 “us.’'
349 955 393 1016 Ita
419 960 461 1016 sic
478 971 608 1020 ,armatus
625 958 664 1016 'in
691 957 820 1028 Tiberim
848 959 979 1027 desiluit;
1014 959 1165 1034 multisque

210 1035 492 1114 superincidentibus*
499 1038 573 1111 telis,
588 1037 739 1095 incolumis
752 1039 787 1094 ad
802 1047 870 1096 suos'
887 1037 1017 1105 tranavit,
1042 1051 1166 1100 reman-¹

209 1135 258 1174 sus
279 1117 341 1192 plus
362 1117 443 1174 samse
468 1107 624 1174 habituram
650 1117 686 1176 ad
707 1127 841 1192 posteros,
861 1117 945 1191 quim
960 1102 1038 1173 fidet·
1077 1111 1166 1175 Grata

209 1215 277 1271 erga
290 1207 397 1257 tantam
412 1197 540 1254 virtutem
555 1195 655 1260 civitas
668 1195 737 1252 fuit:
768 1206 861 1253 statua
881 1197 910 1253 in
929 1195 1046 1252 comitio
1057 1196 1147 1271 posita
1157 1216 1164 1267 ;
1176 1211 1200 1251 tc

209 1275 269 1350 agri
291 1286 427 1350 quantum
452 1293 507 1332 uno
520 1275 567 1332 die
588 1275 796 1346 circumaravit,
818 1276 924 1332 datum.
973 1273 1085 1334 Privata
1097 1293 1167 1350 quo-¹

208 1372 263 1428 que
275 1354 350 1416 inter
362 1353 491 1429 publicos
504 1353 625 1424 honores
638 1354 731 1410 studia
744 1354 927 1412 eminebant:
952 1372 1029 1421 nam,
1044 1353 1073 1410 in
1088 1369 1166 1430 mag·

207 1432 247 1493 uia
274 1433 377 1508 inopiai,
405 1427 454 1508 pro
479 1432 644 1490 domesticis
670 1432 759 1508 copiis
782 1433 973 1508 unusquisqne
994 1432 1022 1490 ei
1047 1433 1164 1508 aliquid,

209 1509 343 1568 fraudans
356 1530 386 1568 se
401 1511 461 1588 ipse
476 1509 551 1580 victu
564 1529 625 1585 suo,
638 1511 767 1596 contulit.
922 1513 925 1520 ’
992 1521 995 1530 “
1030 1529 1032 1538 ’
1070 1523 1073 1532 ’
1117 1511 1120 1520 ’

247 1668 302 1726 ΧΙ.
325 1669 458 1741 Porsena,
470 1669 563 1746 primo
575 1661 679 1727 conatu
702 1669 841 1747 repulsus,
860 1669 987 1728 consiliis
1008 1670 1200 1747 aboppu'gms
1263 1711 1267 1718 ·

209 1749 304 1804 nandi
319 1749 387 1806 urbe
401 1749 435 1805 ad
449 1747 634 1806 obsidendam
656 1747 752 1819 versis,
776 1747 908 1825 presidio
933 1743 961 1806 in
976 1749 1164 1816 Juniculolo·

147 1829 150 1836 ’
208 1837 281 1895 cato,
296 1827 355 1902 ipse
369 1827 397 1884 in
412 1827 496 1903 plano
513 1827 636 1903 ripisque
656 1827 772 1886 Tiberis
795 1829 888 1885 castra
908 1829 1016 1910 posuit;
1045 1829 1164 1886 navibus

139 1923 145 1934 ·
208 1906 332 1980 undique
346 1907 456 1978 accitis,
474 1920 504 1964 et
517 1907 552 1964 ad
567 1907 734 1984 custodiam,
749 1925 786 1964 ue
803 1907 870 1982 quid
890 1907 1015 1967 Romam
1030 1907 1162 1964 frumeuti

208 1985 326 2042 subvehi
348 1985 462 2053 sineret,
487 1996 516 2042 et
537 1996 568 2046 ut
586 1986 744 2062 praedatum
765 1985 871 2062 milites
891 1997 969 2043 trans
990 1985 1100 2042 flumen
1114 1999 1164 2061 per

208 2065 375 2122 occasiones
396 2064 457 2122 aliis
478 2076 560 2142 atque
574 2063 635 2124 aliis
657 2064 726 2122 locis
746 2059 903 2141 trajiceret:
937 2065 1068 2139 brevique
1090 2066 1199 2124 adadun

208 2143 340 2202 infestum
355 2163 467 2200 omnem
483 2144 646 2205 Romanum
669 2159 778 2219 agrum
790 2144 921 2218 reddidit,
946 2155 977 2200 ut
990 2163 1047 2201 non
1059 2154 1164 2202 eaetera

201 2221 298 2279 'soldm
313 2241 349 2278 ex
363 2223 447 2297 agris,
461 2223 510 2278 sed
525 2235 619 2297 pecus.
632 2242 748 2297 quoque.
758 2241 843 2280 omne
857 2223 886 2280 in
899 2223 998 2280 urbem
1012 2223 1163 2298 compelle·

208 2312 293 2368 retur,
309 2319 399 2375 neque
412 2302 558 2376 quisquam
573 2312 653 2358 extra
663 2307 756 2376 portas
765 2301 918 2376 propellere
929 2302 1056 2372 auderet,
1096 2301 1163 2360 Hoc

13 2381 14 2402 ³
102 2425 105 2430 .
207 2389 316 2440 tantum
331 2379 453 2436 licentia
478 2379 624 2444 Etruscis,
639 2399 696 2438 uon
718 2391 795 2438 metu
817 2380 918 2456 magis,
933 2382 1016 2454 quim
1031 2381 1162 2453 consilio,

209 2476 392 2514 concessum:
414 2473 534 2531 namque
559 2457 689 2528 Valerius
710 2459 818 2524 consul,
841 2459 966 2524 intentus
987 2460 1015 2516 in
1037 2459 1198 2522 massicus

208 2555 273 2594 uem
287 2537 388 2594 multos
402 2536 484 2596 simul
498 2548 526 2594 et
539 2534 642 2608 effirsos
666 2536 816 2612 improvisi)
839 2537 999 2610 adoriuudi,
1022 2537 1051 2594 iu
1070 2539 1162 2613 parvis

208 2615 292 2672 rebus
305 2615 453 2694 negligens
467 2615 549 2684 ultor,
567 2634 680 2692 gravem
694 2623 727 2672 se
738 2616 774 2673 ad
793 2612 899 2692 majora
913 2616 1054 2674 vindicem
1068 2635 1162 2674 serva·

209 2693 264 2751 bat.
296 2693 414 2768 ltaque,
429 2707 459 2750 ut
472 2694 587 2772 eliceret
600 2695 779 2768 predatores,
801 2695 889 2752 edicit
907 2695 982 2762 suis,
989 2707 1100 2770 postero
1114 2697 1161 2754 die

208 2772 369 2849 frequentes
382 2775 463 2848 portia
476 2773 633 2847 Esquilina,
651 2792 713 2848 quae
738 2773 914 2832 aversissima
935 2774 971 2830 ab
993 2775 1079 2832 hoste
1090 2786 1159 2847 erat,

205 2853 380 2927 expellerent
390 2871 496 2928 pecus;
518 2851 636 2910 scituros
651 2853 683 2921 id,
701 2853 801 2918 hostes,
815 2864 900 2924 ratus,
921 2853 995 2928 qubd
1014 2852 1043 2910 in
1057 2849 1196 2914 obsidiae

89 2955 91 2962 ’
120 2919 141 2960 Ἳ
167 2959 170 2964 ·
208 2949 262 2988 one
283 2943 311 2988 et
332 2931 405 2988 fame
428 2931 540 2988 servitia
560 2928 647 2990 iniid'a
666 2931 883 3008 transfugerent.
923 2931 961 2990 Et
985 2933 1078 2992 sciere
1099 2952 1173 3015 per·=

209 3008 282 3085 suge
295 3010 421 3079 iudicio;
443 3007 586 3084 multdque
600 3009 703 3085 plures,
718 3011 789 3070 utin
804 3017 887 3086 spem·
897 3011 1033 3070 universe
1046 3011 1159 3088 praedre,

208 3086 314 3146 flumen
332 3089 504 3166 trajiciunt„
525 3087 556 3145 P.
578 3088 708 3146 Valerius
734 3089 800 3148 inde
826 3089 864 3148 Τ.
890 3089 1071 3148 Herminium
1092 3109 1158 3148 curn

208 3166 330 3228 modicis
342 3169 431 3244 copiis
444 3168 479 3224 ad
502 3167 659 3238 secundum
679 3155 801 3244 lapidem
822 3169 936 3228 Gabino
956 3169 1001 3226 vid
1013 3170 1157 3227 occultum

208 3245 356 3304 considere
367 3245 464 3322 jubet3
496 3247 544 3322 Sp.
568 3245 694 3304 Lartium
716 3265 783 3312 curn
803 3249 935 3326 expediti
952 3248 1106 3325 iuuentute*
1121 3248 1195 3310 adas

186 3333 315 3400 ‚portam
330 3323 471 3388 Collinum
492 3333 575 3393 stare,
597 3327 689 3384 donec
711 3327 797 3385 hostis
818 3338 979 3403 preteream
1009 3326 1113 3383 deinde
1126 3345 1158 3385 se

209 3400 341 3478 objicere,
356 3421 392 3460 ne
402 3403 442 3460 sit
455 3405 490 3461 ud
505 3403 609 3462 flumen
624 3403 739 3462 reditus.
780 3405 936 3464 Consulum
957 3405 1034 3474 alter,
1049 3405 1086 3462 T.
1102 3404 1159 3463 Lu·

209 3481 324 3548 cretius,
338 3481 417 3558 porti
438 3481 539 3540 Navia
562 3502 627 3540 cum
651 3483 755 3557 aliqu'ot
769 3484 918 3559 manipulis
931 3483 1051 3540 militum
1063 3502 1158 3560 egres-

207 3578 274 3618 sus:
296 3559 355 3636 ipse
368 3559 499 3618 Valerius
519 3561 612 3620 Coelio
632 3572 726 3618 monte
747 3561 877 3636 cohortes
899 3561 1023 3620 delectas
1040 3563 1156 3622 educit:

210 3639 295 3715 hique
318 3638 400 3716 primi
427 3641 582 3714 apparuere
609 3639 690 3698 hosti.
723 3631 907 3718 Herminius,
929 3640 988 3698 ubi,
1005 3641 1192 3702 tumultumro

210 3719 308 3792 sensit,
322 3718 464 3778 concurrit
476 3737 514 3776 ex
527 3717 645 3788 insidiis,
665 3718 804 3796 versisque
817 3718 847 3776 in
860 3719 1005 3777 Valerium
1020 3720 1156 3793 Etruscis,

210 3806 290 3876 terga
303 3797 403 3858 cedit:
423 3797 522 3856 dextri
534 3797 666 3874 levique,
688 3798 755 3856 hinc
768 3816 786 3856 a
798 3799 877 3874 porti
891 3798 1013 3873 Collind,
1028 3799 1107 3860 illinc
1120 3800 1156 3858 ab
