2648 4338
202 357 259 420 iffi
588 357 656 408 'l'l'l'l
673 355 757 420 Livii
808 369 810 380 ·

199 519 298 577 rogare
307 499 486 576 interpretem
497 497 590 576 jussit,
600 499 707 575 ecquis,
726 495 751 557 si
762 497 885 559 vinculis
904 496 1150 566 termentum·

199 598 253 654 qua
267 587 296 636 et
308 598 410 654 equam
425 577 513 636 victor
526 578 676 654 acciperet,
690 579 835 635 decertare
843 577 917 634 sc'rro
927 576 1027 634 velletl
1045 575 1147 638 Quum

199 657 234 714 cd
250 675 338 714 unum
350 675 449 714 omnes
462 656 565 713 sermm
580 675 759 732 pugnamque
772 665 973 732 poscerent,.et
986 654 1096 730 dejecta
1116 651 1147 712 in

199 736 227 792 id
242 755 301 796 sora
321 747 411 804 esset,
424 754 454 792 se
474 735 591 809 quisque
611 753 678 791 sum
697 735 818 810 optuitu,
837 751 920 808 quem
945 733 1103 793 fananum·
1118 733 1148 790 id
1198 733 1200 736 ’

198 825 342 872 certamen
356 813 471 889 legeret.
512 812 550 870 Ut
562 812 698 888 cujusque
711 831 771 870 sors
784 812 936 882 exciderat,
958 810 1061 880 alacer,
1076 811 1150 870 inter
1171 829 1185 870 a

198 892 370 968 gratulantes
382 892 488 966 gaudio
508 891 660 955 exsultans,
681 909 748 948 cum
768 890 812 948 sui
826 889 910 947 moris
930 889 1059 964 tripudiis
1071 909 1165 964 anna

198 972 298 1046 raptim
312 969 451 1045 capiebat.
493 969 547 1027 Ubi
561 967 626 1028 aero
639 969 855 1034 dimicarent-is
867 965 979 1026 babitus
992 968 1149 1044 animorum

198 1067 254 1108 non
269 1049 342 1108 inter
355 1047 483 1126 ejusdem
497 1046 579 1107 modd
592 1047 763 1108 conditionis
777 1048 904 1106 homines
916 1057 986 1109 erat.
1000 1047 1050 1112 aad
1065 1047 1150 1104 stiam

186 1127 270 1186 'inter
284 1137 445 1203 spectantes
460 1125 552 1202 vulgo,
565 1137 665 1184 utnon
680 1126 853 1184 vincentium
865 1125 964 1201 tnagis,
974 1126 1063 1200 quam
1078 1125 1150 1182 bene

198 1207 389 1274 morientium,
405 1205 516 1264 fortuna
528 1205 698 1282 laudaretur.
874 1245 876 1251 ι
1162 1221 1185 1262 to

236 1363 349 1424 XLIII.
374 1363 451 1438 Dum
465 1363 507 1420 sic
520 1363 625 1437 aliquot
635 1363 768 1438 spectatis
781 1362 895 1438 paribus
905 1359 1152 1426 affectandimisis·

197 1454 249 1509 act,
271 1442 409 1500 concione
431 1442 497 1499 inde
517 1441 653 1498 advocati
674 1441 713 1498 ita
732 1441 806 1516 apud
833 1459 883 1498 eos
910 1439 1149 1503 locutustfsrturr

200 1526 220 1558 “
229 1521 269 1590 Si,
282 1539 366 1596 quem
380 1521 507 1578 animum
522 1521 551 1576 in
569 1519 669 1578 alieaae
689 1517 771 1578 sortis
783 1519 913 1594 exemplo
925 1516 1010 1595 ptuld
1023 1519 1088 1576 ante
1102 1520 1151 1576 lra-
1186 1549 1189 1558 ι

198 1606 217 1638 “
228 1600 336 1672 buistis,
350 1600 482 1666 eumdem
496 1618 562 1656 mox
586 1599 615 1656 in
639 1597 806 1658 estimanda
818 1598 928 1666 fortuni
952 1599 1043 1654 ventri
1063 1598 1152 1658 habu·

198 1679 311 1748 “eritis,
326 1677 454 1746 vicimus¹
476 1677 595 1736 milites:
624 1696 721 1754 *neque
746 1677 823 1734 enim
850 1673 1043 1752 spectaculum
1062 1675 1186 1738 moron

197 1755 302 1826 “illud
330 1757 380 1814 sed
404 1757 532 1832 quaedam
557 1755 641 1814 veluti
662 1757 756 1832 imago
770 1763 868 1816 vestm
888 1751 1059 1814 conditionis
1080 1767 1149 1814 erat.

197 1835 271 1892 “Ao
296 1835 394 1894 nescio
424 1854 460 1892 an
491 1835 597 1911 majora
626 1835 740 1892 vincula
766 1835 939 1912 majoresque
967 1835 1151 1894 necessitates

197 1919 217 1952 ‘⁶
226 1914 313 1980 vobis,
326 1913 411 1989 quim
426 1913 663 1990 captivisues'tris,
679 1913 804 1976 Fortuna
817 1911 1043 1970 circumdederit.
1073 1913 1150 1970 Dex-

198 1993 269 2050 “trd
282 1993 406 2068 laevique
420 1993 478 2050 duo
500 1993 589 2050 maria
611 1992 758 2062 claudunt,
773 1991 888 2058 nullam,
913 1991 998 2048 nead
1009 1991 1149 2082 effugium

146 2180 147 2184 a
177 2069 1186 2226 'lllltltltltltltlllnll'ttli'tllttttutltt*

197 2229 343 2304 “integris
356 2229 435 2287 vobis
448 2249 482 2286 ac
496 2228 655 2306 vigentibus
668 2229 800 2298 transite.
844 2228 900 2285 lllo
913 2228 1085 2286 vincendum
1101 2238 1150 2288 cat

198 2313 218 2345 ‘⁶
226 2307 413 2384 moriendum,
428 2308 541 2378 milites,
554 2317 607 2374 est,
621 2307 669 2364 ubi
682 2307 805 2382 primum
828 2306 900 2366 hosti
913 2305 1092 2365 occurristis:
1120 2318 1150 2364 et

196 2391 217 2428 ‘⁶
226 2386 325 2442 eadem
339 2386 458 2454 senuna,
473 2405 535 2460 que
549 2385 746 2444 necessitatem
763 2385 912 2462 ¹pugnandi
924 2385 1066 2462 imposuit,
1079 2405 1151 2462 prns-

198 2463 282 2522 “mia
303 2465 380 2522 robis
393 2483 428 2522 ea
441 2465 592 2528 victoribus
605 2465 742 2540 proponit,
756 2465 858 2539 qulbus
871 2465 1005 2540 ampliora
1019 2464 1185 2524 lrominescs

198 2549 263 2600 “ne
277 2543 313 2600 ab
326 2543 389 2600 Diis
401 2543 514 2618 quidem
530 2543 733 2600 immortalibus
753 2555 849 2618 optare
870 2543 970 2600 solent
1010 2541 1042 2600 si
1055 2543 1149 2600 Sicili-

199 2625 218 2660 “
229 2639 274 2680 cnr
287 2623 400 2680 tantum
414 2641 448 2678 ac
462 2621 631 2690 Sardiniam,
655 2621 819 2696 patentibus
838 2622 941 2680 noscis
954 2631 1071 2698 ereptas,
1084 2641 1150 2679 nos·

198 2702 270 2758 “tri
289 2701 390 2760 virtute
405 2700 594 2775 recuperaturi
609 2719 743 2774 essemus,
758 2701 825 2758 satis
845 2711 940 2758 tamen
954 2701 1046 2776 ampla
1058 2700 1149 2776 pretia

199 2783 329 2837 “essent
369 2779 516 2854 Quidquid
533 2779 657 2836 Romani
680 2790 720 2836 tot
738 2779 886 2856 triumphis
909 2791 1155 2856 pamumvcoagee.

199 2863 219 2896 ⁸⁴
226 2869 342 2933 tumque
354 2859 508 2934 possident,
523 2858 551 2916 id
561 2877 646 2916 omne
660 2869 783 2938 vestrum
806 2875 872 2916 oum
893 2857 961 2933 ipsis
974 2857 1096 2916 dominia
1108 2857 1184 2916 lit-ao

199 2941 319 2994 “turum
334 2953 384 2995 est.
426 2936 461 2994 ln
476 2937 550 2993 hanc
563 2933 763 3012 tam.'opinram
784 2937 955 3008 mercedem,
976 2937 1149 3013 agitor-cunr

198 3014 290 3072 “Diis
303 3016 376 3073 bene
395 3015 558 3091 juvantibus
580 3033 659 3073 arma
672 3016 783 3090 capite„
798 3049 800 3056 ·
814 3015 890 3086 Satis
913 3015 1008 3072 adhuc
1021 3015 1052 3073 irt
1065 3015 1150 3074 vastis

199 3091 381 3152 “Lusitaniae
408 3093 623 3170 Celtiberiaeque
644 3093 798 3164 montibus,
818 3111 929 3169 ,pecora
948 3094 1150 3168 consectando,

199 3169 334 3231 “nullum
348 3172 569 3230 emolumentum
579 3182 624 3241 ,tot
644 3172 770 3230 laborum
783 3171 1026 3249 periculorumque
1047 3183 1151 3230 vastro-

199 3252 288 3304 “rum
308 3250 436 3308 vidistis:
464 3263 574 3326 tempus
586 3262 630 3308 ast
646 3251 715 3328 jam,
735 3251 870 3327 opulenta
888 3270 937 3308 voa
957 3270 991 3308 ac
1011 3249 1082 3308 ditia
1100 3251 1185 3310 ati-ts

200 3325 334 3400 “pendia
343 3327 447 3401 facere,
460 3343 490 3386 et
502 3347 606 3405 magna
617 3345 710 3406 operae
723 3330 813 3406 pretia
825 3330 937 3402 mereri,
946 3327 1151 3400 'tantumitiao-

199 3409 219 3442 “
228 3403 266 3472 ris
278 3421 327 3480 per
340 3410 502 3466 totmontes
516 3407 688 3483 fluminaque
700 3419 729 3466 et
749 3419 790 3480 tot
803 3418 922 3466 armatas
941 3417 1040 3484 gentes
1052 3425 1150 3468 amen·

200 3487 282 3540 “sos
323 3481 381 3540 Hic
401 3485 479 3542 vobis
502 3486 653 3544 terminum
673 3486 799 3544 laborum
821 3485 946 3544 Fortuna
966 3485 1063 3543 dedit:
1100 3485 1149 3545 hic

200 3560 345 3637 “dignam
357 3563 520 3620 mercedem
540 3563 664 3620 emeritis
676 3562 825 3637 stipendiis
839 3564 925 3621 dabit
967 3561 1042 3636 Neo,
1062 3563 1148 3640 quam

200 3639 462 3716 “ms-gainaminis
475 3640 580 3698 bellurn
593 3649 645 3708 cst,
659 3651 717 3696 tarn
730 3639 874 3698 difficilem
887 3642 1079 3701 cristimdritis
1092 3643 1182 3702 ric-to

201 3719 221 3754 “
229 3718 330 3776 teriam
342 3717 409 3776 fore.
450 3718 532 3792 Stcpe
550 3728 580 3774 et
598 3729 777 3794 contemptus
789 3719 877 3792 hostis
896 3732 1044 3790 cruentum
1059 3733 1149 3782 cartu

201 3797 419 3866 “men'edidit
439 3805 468 3854 et
493 3794 592 3871 inclyti
611 3797 706 3872 populi
727 3815 862 3874 regesque
882 3795 987 3875 perlevi
1008 3811 1150 3864 momento
