2648 4340
495 353 598 404 LIBER
615 355 635 403 l.
667 369 726 404 car.
738 369 819 404 nvn.
1092 361 1132 422 27

179 500 202 534 ⁴⁴
215 509 338 574 possent.
380 497 404 565 l,
418 498 507 566 lictor,
522 497 624 574 colliga
637 517 747 565 manus,
767 517 829 574 quae
843 498 925 576 paulu
940 501 1003 560 ente
1018 515 1131 562 armatur

180 581 201 613 ‘⁴
216 577 365 653 imperinm
379 577 479 652 populo
494 577 625 634 Romano
646 590 823 652 pepererunt.
864 579 889 646 1,
912 593 997 655 ceput
1017 583 1131 642 obnube

179 657 372 714 “liberatoris
386 655 462 712 urbis
476 655 576 732 hujus:
598 655 688 712 arbori
703 654 809 714 infelici
823 659 982 732 suspende:
1007 661 1131 728 verbera,

179 740 201 772 “
216 736 260 792 vel
275 735 348 792 intra
370 734 544 809 pomerium,
569 734 652 790 modd
675 735 747 790 inter
771 735 818 792 ille
837 737 894 811 pila
916 747 945 794 et
968 737 1055 813 spolia
1068 741 1132 797 hos·

155 819 201 874 5“
215 815 286 872 tium
298 833 307 882 ς
328 814 370 869 vel
384 825 461 870 extra
475 813 649 887 pomoerium,
673 811 757 870 medd
782 813 854 872 intra
870 817 999 890 sepulcra
1011 818 1132 876 Curiati·

64 885 70 896 ⁸
180 898 305 950 “orum.
344 891 413 953 Qut
427 892 502 948 enim
517 891 621 948 ducere
635 891 712 950 hunc
722 889 856 966 juvenem
870 896 990 969 potestis,
1012 897 1061 954 ubi
1074 915 1131 954 nou

180 980 202 1009 “
215 992 268 1029 sua
291 973 393 1028 decora
414 989 480 1028 eum
504 989 521 1027 a
543 970 622 1027 tante
645 970 769 1028 foeditete
792 972 921 1045 supplicii
936 975 1080 1032 vindicent
1092 977 1131 1032 ν’

181 1054 254 1111 Non
268 1051 330 1106 tulit
344 1049 459 1126 populns
473 1067 528 1106 nec
542 1049 627 1123 patris
643 1048 790 1124 lacrymas.
815 1069 870 1107 nec
893 1050 979 1126 ipsius
993 1073 1088 1128 parem
1102 1055 1131 1112 in

181 1129 264 1190 omni
278 1129 402 1204 periculo
415 1128 559 1184 animum:
590 1127 831 1202 absolveruntque,
846 1129 1028 1188 admiratione
1043 1135 1132 1208 magis

145 1229 173 1268 tu
183 1209 305 1273 virtutis,
319 1209 402 1282 quim
413 1207 475 1282 jure
489 1224 590 1262 censae.
632 1206 739 1280 ltaque,
764 1217 795 1264 ut
815 1207 908 1264 cedes
922 1211 1070 1268 manifesta
1083 1213 1132 1268 eli-

184 1309 243 1364 quo
256 1287 348 1344 ‘tanuen
363 1285 473 1361 piaculo
490 1285 623 1356 lueretur,
649 1285 814 1360 imperatum
829 1287 908 1361 patri,
932 1298 961 1344 ut
984 1289 1071 1346 lilium
1085 1309 1132 1348 cx·

184 1370 277 1443 piaret
300 1365 421 1440 pecunia
445 1364 564 1438 publice.
617 1363 656 1430 ls,
682 1364 848 1438 quibusdam
875 1365 1064 1440 piacularibus
1090 1389 1133 1426 sa·

185 1445 303 1504 orificiis
317 1443 406 1514 lactis,
420 1461 482 1516 quae
496 1443 598 1500 deinde
612 1443 689 1518 genti
705 1443 829 1500 Horatiae
843 1445 944 1502 tradita
957 1458 1030 1514 suut,
1045 1439 1133 1504 trans-

187 1526 274 1582 misso
288 1541 336 1596 per
360 1523 433 1578 viem
454 1521 552 1596 tigillo,
577 1522 668 1596 capite
692 1522 833 1596 adoperto,
859 1523 934 1580 velut
959 1525 1012 1580 sub
1033 1526 1131 1600 jugum

149 1622 175 1660 rs
187 1605 265 1660 misit
275 1602 415 1678 juvenem.
457 1599 490 1656 ld
505 1601 587 1658 hodie
608 1619 717 1674 quoque
738 1599 849 1675 publice
873 1621 983 1677 semper
997 1605 1132 1662 resectum

187 1693 291 1738 manet.
343 1680 483 1736 Sororium
507 1679 628 1752 tigillum
652 1689 784 1748 vocant„
815 1679 939 1738 Horatiae
963 1683 1132 1757 sepulcrum,

186 1781 244 1836 quo
256 1759 319 1818 locu
331 1769 474 1815 corrueret
484 1757 553 1825 icta,
567 1767 759 1814 constructum
772 1753 814 1818 et
827 1777 894 1816 saxu
907 1762 1049 1834 quadrato.

227 1916 357 1976 XXVII.
391 1915 456 1972 Nec
478 1914 527 1972 diu
551 1933 605 1990 pax
629 1914 740 1972 Albana
764 1918 874 1974 munsit.
914 1917 1024 1976 Invidia
1048 1919 1133 1996 vulgi,

188 1997 264 2074 qudd
278 1996 366 2053 tribus
377 1995 511 2052 militibus
525 1994 634 2052 fortuna
644 1993 756 2069 publica
767 1995 916 2054 commissa
927 1997 1018 2065 suerit,
1030 2016 1133 2054 vanum

150 2076 335 2153 mingenium
360 2074 503 2132 dictatoris
528 2074 670 2148 eorrupit3
703 2083 741 2140 et,
762 2075 893 2148 quoniam
918 2086 994 2134 rectu
1017 2077 1134 2134 consilia

189 2156 265 2213 haud
277 2155 348 2210 bene
363 2161 524 2224 evenerant,
538 2153 628 2227 pravis
642 2152 824 2208 reconciliare
838 2153 1011 2228 popularium
1024 2156 1133 2212 animes
1186 2207 1191 2214 .

189 2234 285 2308 coepit.
328 2232 425 2308 igitur,
441 2241 470 2288 ut
483 2229 560 2306 priris
584 2231 613 2286 in
638 2230 710 2288 bello
723 2249 832 2308 pacem,
846 2233 888 2289 sic
903 2233 931 2290 in
945 2252 1014 2308 pecc
1030 2233 1132 2290 bellum
1147 2277 1189 2326 A*
1209 2285 1228 2312 „-

188 2331 327 2388 querens,
341 2311 407 2384 quia
420 2328 477 2366 suae
492 2309 596 2366 civitati
610 2310 765 2366 animorum
790 2309 851 2384 plus
864 2311 946 2384 quim
960 2311 1059 2370 virium
1075 2331 1137 2370 cer·

188 2392 276 2449 nebat
289 2409 362 2461 esse,
376 2389 412 2445 sd
426 2388 527 2444 bellum
542 2386 633 2462 paldm
647 2400 730 2462 atque
744 2407 779 2446 ex
791 2388 884 2446 edicto
897 2392 1153 2476 gerendnmlel'pes,
1169 2436 1175 2455 s

151 2467 465 2543 escuncitatpopnlos;·
488 2466 547 2523 suis
570 2485 618 2540 per
638 2467 761 2542 speciem
783 2468 924 2526 societatis
946 2459 1133 2544 proditionem
1235 2477 1246 2520 s
1314 2513 1315 2540 2

189 2559 321 2605 reservat.
372 2546 533 2612 Fidenates,
557 2545 829 2634 cplppjudlnmana
858 2547 1024 2623 Veientibus
1050 2549 1134 2606 sociis

189 2627 301 2685 consilii
317 2625 473 2701 assumptis,
489 2635 570 2699 pacto
583 2611 755 2689 transitionis
766 2607 950 2682 ”albanorum
974 2629 1008 2684 ad
1031 2628 1133 2684 bellum
1165 2663 1167 2670 =
1205 2693 1208 2700 .
1244 2655 1262 2712 ζ
1314 2677 1315 2698 p

190 2718 274 2780 etque
296 2723 372 2760 arma
394 2703 554 2760 incitantur.
594 2701 692 2762 Quum
718 2703 839 2782 Fidenre
859 2707 952 2794 appete
970 2689 1150 2771 deserendis
1175 2700 1190 2722 ⁸
1215 2687 1245 2718 h

190 2783 304 2849 Tullus,
320 2783 409 2839 Metto
423 2781 603 2856 exercituque
617 2781 677 2856 ejus
701 2783 736 2836 ab
759 2782 835 2840 Alba*
845 2765 946 2848 decim,
960 2797 1059 2840 contra
1072 2785 1135 2841 bus·
1314 2789 1315 2796 ’

154 2862 352 2924 autes'dncit:
386 2860 433 2917 ubi
460 2859 600 2916 Anienem
625 2861 740 2928 transiit,
765 2862 800 2918 cd
824 2862 998 2918 confluentes
1014 2862 1134 2920 collocet

190 2953 291 2998 castra.
333 2940 409 2997 Inter
423 2957 487 2995 eum
501 2939 593 2994 locum
608 2951 636 2994 et
656 2937 789 3006 Fidenas,
812 2940 971 3015 Vejentium
997 2941 1135 2998 exercitus

190 3020 321 3077 Tiberim
335 3018 489 3076 transierat.
530 3017 569 3074 Hi
594 3028 622 3073 et
646 3017 674 3073 in
699 3018 760 3074 acie
784 3037 867 3094 prope
893 3017 995 3083 flumen
1019 3023 1134 3076 tenuere

190 3099 321 3156 dextrum
334 3116 422 3154 cornu
435 3115 441 3153 ε
469 3096 498 3154 in
522 3095 634 3152 sinistro
658 3095 810 3154 Fidenates
823 3094 1055 3176 propidsmonpes
1068 3117 1136 3156 con-

190 3177 302 3234 sistunt.
343 3175 445 3233 Tullus
468 3175 601 3232 adversus
622 3174 770 3248 Vejentem
783 3155 1134 3252 [hostemldidgr‘ltlsoosz

156 3278 186 3316 ss
194 3256 319 3312 Albanos
332 3265 430 3312 contra
442 3253 582 3328 legionem
594 3253 777 3308 Fidenatium
786 3241 1065 3318 collocat.*'„·ttban0
1077 3275 1134 3314 non

191 3335 257 3410 plus
270 3353 285 3389 a
310 3335 355 3390 'uri
369 3343 438 3419 erut,
453 3333 535 3466 uppem
550 3330 635 3465 lipsi:
666 3349 720 3386 nec
726 3335 936 3426 pp‘aperenergm
950 3353 1004 3390 uec
1018 3335 1135 3390 transire

192 3353 395 3488 aperteffla'uebs
420 3405 469 3475 siu
487 3397 524 3468 id
548 3403 564 3464 ai
607 3420 716 3465 montes
729 3401 865 3466 succedit.
906 3411 987 3484 lude,
1008 3413 1053 3470 ubi
1069 3411 1136 3468 satis

188 3492 303 3550 subisse
329 3511 390 3550 sese
416 3502 493 3548 retus
517 3497 568 3556 est,
589 3487 672 3562 erigit
694 3499 778 3574 totpm
802 3489 909 3565 aciem:
943 3490 1135 3562 fluctuansque

193 3569 299 3635 arriano,
313 3583 344 3628 ut
358 3567 459 3628 tereret
473 3582 590 3642 tempus,
605 3567 717 3623 ordines
731 3547 888 3640 explldltl·''
897 3569 1051 3626 Consilium
1065 3579 1135 3634 erat,

158 3649 249 3724 coqu'd
263 3651 374 3708 fortuna
389 3649 548 3712 renideret,
572 3646 606 3701 ed
627 3645 760 3702 inclinare
774 3647 855 3704 sires.
896 3647 1033 3724 llireculo
1044 3645 1135 3720 primo

194 3741 258 3786 esse
273 3727 420 3794 Romanis,
435 3725 481 3800 qui
504 3725 536 3798 pr
555 3725 621 3780 ximi
646 3734 788 3796 steterant,
813 3738 842 3783 ut
865 3726 973 3782 nudari
988 3724 1073 3780 latera
1087 3744 1137 3784 sira

188 3808 334 3892 sociorum
350 3807 473 3882 digressu
488 3739 654 3877 senbmnt:
685 3804 750 3860 iude
771 3823 857 3878 eques
880 3803 964 3860 citato
982 3821 1053 3876 equo
1066 3823 1138 3862 nun·
