2648 4340
500 357 603 410 LIBER
619 358 639 410 t
659 373 720 412 car.
733 372 770 410 rx.
1069 359 1104 421 11

151 499 288 574 suerum
303 501 404 574 donec,
418 503 519 562 tradito
533 503 621 561 serris
633 503 754 580 publicis
767 501 876 562 solenni
887 499 1000 560 familie
1011 502 1108 562 minis·

151 583 234 650 terio,
243 602 337 660 genus
344 601 427 640 omne
438 582 601 660 Potitiorum
614 583 727 641 interiit.
755 583 827 640 llrec
837 593 897 640 tum
909 599 988 638 sacre
997 581 1106 640 Romu·

151 661 198 718 lus
212 681 270 718 una
283 681 320 719 ex
332 662 463 719 omnibus
475 651 630 737 peregiririu’
639 661 778 737 suscepit3
797 662 929 738 jamtum
943 661 1106 718 immortali·

152 740 221 798 tatis
236 741 338 798 virtute
352 753 447 816 parte,
462 741 497 796 ad
516 759 600 816 quem
614 759 680 797 eum
701 759 753 797 sua
766 739 823 797 satu
836 740 990 807 ducebant,
1005 739 1104 798 fautor.
1203 730 1206 738 ⁴

128 909 143 950 s
193 897 280 970 VJII.
301 895 402 955 Rebus
422 889 525 954 divinis
542 897 597 955 rite
619 897 792 974 perpetratis,
814 889 968 974 vocatique
982 899 1017 955 ad
1039 917 1104 958 oon·
1174 921 1177 932 ’

152 976 253 1034 cilium
267 977 535 1052 multitudineque
549 977 709 1034 coalescere
730 977 759 1034 iu
783 976 876 1052 populi
899 979 983 1034 unius
1004 997 1107 1054 corpus

151 1055 234 1113 nulli
247 1074 288 1133 re,
302 1067 486 1135 preterquam
507 1055 629 1135 legibus,
641 1056 841 1150 poperat„jure
863 1055 961 1125 dedit3
982 1075 1051 1132 quae
1068 1055 1108 1114 ita

151 1145 255 1191 sancta
277 1113 376 1210 g'dire'ir
397 1134 543 1191 hominum
568 1119 670 1209 agresti
685 1132 743 1192 sore
754 1129 852 1202 'rdttts',
867 1130 890 1192 si
905 1153 935 1190 se
949 1135 958 1192 i
978 1153 1108 1211 serene-

151 1213 273 1304 rabilprp
286 1213 446 1296 insigpibus
460 1212 569 1288 imperii
591 1213 712 1282 fecisset,
726 1231 812 1288 quum
835 1223 938 1292 cetero
948 1153 1054 1284 ,dubim
1076 1233 1107 1272 se

35 1275 107 1310 m
118 1275 356 1427 dbjgusuorem,
367 1303 426 1348 tum
440 1291 560 1348 maxims}
571 1291 717 1348 lictoribus
727 1291 878 1350 duodecim
890 1289 1018 1367 sumptis,
1030 1293 1106 1351 fecit.

196 1372 272 1462 lfflh
296 1389 415 1466 lufflffil’
436 1370 539 1437 avium,
552 1389 615 1444 quae
634 1370 751 1446 augurio
764 1389 883 1447 regnum
898 1371 1106 1446 portenderant,

151 1468 220 1506 euru
244 1443 372 1506 secutum
395 1467 546 1506 numerum
560 1459 686 1540 putant:
708 1467 753 1548 [qe
776 1449 851 1506 lraud
869 1449 987 1524 poenitet
1009 1468 1106 1508 eorum

152 1529 303 1584 sententiae
317 1547 389 1600 esse,
402 1528 504 1603 quibus
518 1536 549 1584 et*
560 1513 729 1603 eppaiitdies
743 1515 772 1584 ir
785 1527 840 1587 hoc
852 1547 943 1604 genus
962 1529 997 1585 ab
1012 1527 1108 1586 Etrus·
1117 1582 1122 1607 f,
1164 1575 1167 1582 ,

152 1607 197 1664 cis
209 1605 346 1673 finitimis,
360 1608 436 1663 unde
450 1607 519 1663 selle
539 1607 654 1674 curulis,
670 1607 745 1664 uude
765 1619 829 1684 toga
841 1617 976 1682 praetexta
997 1619 1109 1684 sumpta
1129 1619 1132 1626 ’
1173 1609 1178 1622 ”

118 1705 143 1746 ts
152 1696 206 1756 est,
220 1704 370 1742 numerum
384 1703 494 1760 quoque
508 1685 599 1762 ipsum
620 1687 738 1744 ductum
752 1686 860 1761 placet3
881 1697 909 1743 et
924 1687 962 1744 ita
971 1687 1108 1744 ‘habuisse

152 1763 302 1836 Etruscos,
314 1763 398 1839 qudd,
408 1783 442 1821 ex
455 1764 604 1822 duodecim
614 1766 723 1840 populis
732 1765 918 1822 communiter
927 1778 1022 1824 creato
1030 1785 1108 1842 rege,

152 1842 282 1918 singulos
295 1843 399 1918 singuli
414 1843 507 1918 populi
521 1843 634 1901 lictores
648 1844 787 1900 dederint.
829 1845 984 1902 Crescebat
994 1845 1114 1906 interituv

153 1921 230 1990 urbs,
246 1921 449 1978 munitionibus
463 1921 518 1978 alia
531 1934 613 1997 atquc
634 1923 690 1980 alia
711 1924 868 2014 pppetendo
890 1924 961 1990 locs,
975 1913 1061 1998 duum
1077 1925 1106 1981 in

152 2019 235 2074 spem
249 1999 339 2076 magis
354 2000 453 2057 luturae
467 2001 662 2072 multitudinis,
677 2002 806 2075 quemad
821 2001 847 2058 id
859 2004 933 2076 quod
944 2014 1004 2061 tum
1019 2004 1108 2060 homi·

15 2121 17 2144 .
119 2091 223 2139 sonum
245 2091 315 2151 crat,
337 2079 488 2136 munirent.
543 2079 664 2150 Deinde,
689 2099 725 2136 ne
752 2097 823 2136 vana
845 2081 921 2137 urbis
943 2082 1108 2158 magnitudo

154 2171 241 2230 esset,
252 2158 420 2234 adjiciendas
434 2159 622 2216 multitudinis
636 2159 731 2226 causti,
742 2153 840 2216 'vetere
854 2160 972 2218 consilio
982 2161 1107 2218 conden-

153 2237 226 2294 tium
241 2237 333 2307 urbes,
348 2237 404 2312 qui,
418 2237 567 2294 obscuram
577 2247 664 2312 'atque
678 2237 814 2294 humilem
836 2238 995 2298 conciendo
1016 2241 1051 2298 ad
1076 2260 1107 2298 se

154 2316 377 2388 multitudinem,
390 2310 493 2373 lratam
517 2316 630 2373 eterni
652 2316 705 2373 sibi
729 2317 835 2392 prolem
863 2319 1106 2386 ementiebantur;

153 2394 260 2469 locum,
273 2395 321 2470 qui
335 2415 413 2452 nuuc
429 2407 524 2472 septus
545 2392 785 2452 descendentibus
809 2395 888 2454 Inter
911 2397 988 2454 Duos
1011 2397 1108 2455 Lucos

119 2484 207 2540 mest,
222 2474 342 2550 Asylum
356 2475 460 2550 aperit:
480 2473 516 2532 ed
529 2493 565 2531 ex
583 2473 709 2570 linitirpis
722 2475 831 2553 populis
844 2476 925 2532 turba
938 2477 1031 2534 omnis
1044 2477 1107 2534 siue
1171 2495 1174 2502 ·

154 2552 329 2624 discrimine,
342 2552 413 2610 liber
427 2571 463 2610 au
476 2572 572 2610 servus
586 2563 669 2620 esset,
683 2533 913 2626 tttdttribvarum
938 2574 1031 2612 rerum
1045 2573 1107 2632 per-

154 2629 245 2707 fugit:
270 2631 354 2708 idque
367 2632 487 2708 primu-m
501 2631 536 2689 ad
548 2643 669 2708 coeptem
683 2633 907 2708 magnitudinem
922 2631 1032 2690 roborid
1044 2633 1104 2692 tuit.

154 2708 254 2771 Quum
273 2711 331 2788 jam
345 2711 445 2768 virium
461 2711 535 2768 haud
549 2711 708 2786 prenderet,
723 2711 872 2768 consilium
887 2712 990 2770 deinde
1002 2711 1106 2770 viribus

154 2800 251 2864 perat:
272 2785 388 2846 centum
401 2799 480 2848 creat
500 2801 662 2858 senatores3
683 2789 741 2846 sive
762 2791 827 2864 quie
849 2789 872 2846 is
893 2809 1026 2848 numerus
1039 2791 1112 2852 sctis¹
1169 2815 1171 2821 ⁴

123 2880 233 2937 meret,
254 2868 314 2926 sive
327 2869 393 2944 quia
406 2867 457 2926 soli
471 2881 586 2940 centupr
600 2879 690 2935 eraut,
704 2868 751 2942 qui
765 2869 854 2926 creari
871 2869 968 2926 Patres
982 2881 1106 2944 possent.

155 2945 254 3004 Patres
267 2947 344 3005 certe
356 2947 392 3006 eb
402 2948 517 3021 honore,
526 2941 691 3024 patriciique
699 2948 848 3024 progenies
858 2967 954 3005 eorum
966 2947 1105 3024 appellati.

196 3100 252 3162 IX.
273 3104 337 3162 Jem
352 3125 396 3163 res
409 3105 542 3164 Romane
555 3103 625 3164 eder}
638 3115 698 3162 erat
721 3105 821 3174 valida,
835 3115 867 3162 ut
887 3103 1003 3163 cuilibet
1023 3105 1108 3164 finiti·

157 3183 434 3242 marumciritutium
457 3183 531 3242 bello
550 3203 600 3260 par
613 3193 705 3254 esset;
727 3184 786 3256 sed,
807 3183 924 3260 penuriis
945 3185 1105 3255 mulierum,

157 3261 278 3320 hominis
298 3273 409 3321 etatem
430 3263 564 3320 duratura
586 3263 752 3338 magnitudo
777 3273 853 3332 erat3
881 3263 982 3340 quippe
1003 3265 1106 3340 quibus

123 3357 210 3416 espec
231 3341 307 3399 domi
327 3361 391 3418 spes
411 3341 506 3417 prolis,
527 3359 582 3398 nec
603 3359 667 3397 cum
692 3340 819 3398 finitimis
839 3343 982 3400 connubia
1001 3355 1105 3402 essent.

156 3417 235 3478 Tum
249 3439 285 3478 ex
297 3419 416 3480 consilio
429 3417 543 3478 Patmm
555 3418 697 3477 Romulus
707 3419 814 3496 legatos
825 3420 902 3478 circs
919 3422 1026 3480 vicinas
1036 3441 1107 3498 geu-

155 3509 199 3555 tes
212 3498 299 3570 misit,
311 3499 359 3574 qui
375 3499 539 3558 societatem
560 3497 790 3573 connubiumque
814 3518 886 3558 novo
906 3501 1008 3577 populo
1029 3511 1107 3575 pete·

155 3588 236 3636 rent:
257 3577 379 3636 “Urbes
397 3597 517 3654 quoque,
531 3588 563 3635 ut
583 3587 695 3650 caetera,
708 3595 744 3634 cr
764 3577 862 3637 intimo
874 3579 971 3637 nasci:
991 3579 1104 3650 deiude,

157 3665 176 3692 ‘⁸
186 3675 257 3732 quas
267 3675 319 3714 sua
328 3656 415 3716 virtus
425 3675 459 3714 ac
470 3657 518 3715 Dii
528 3657 637 3736 juvent,
648 3675 765 3733 magnas
775 3676 843 3733 opes
853 3657 906 3716 sibi
915 3675 1105 3734 magnumque

123 3749 148 3790 su
157 3743 175 3772 “
186 3753 292 3794 nomeu
305 3735 408 3794 facere.
449 3737 524 3794 Satis
546 3735 628 3807 scire,
642 3735 744 3813 origini
765 3735 905 3794 Romauae
917 3747 946 3794 et
959 3735 1036 3792 Deos
1056 3735 1106 3794 ad·

156 3822 175 3852 ‘⁸
186 3812 285 3884 fuisse,
298 3825 328 3873 et
340 3833 399 3872 nou
412 3815 570 3878 defuturam
585 3813 733 3874 virtutem:
746 3814 864 3891 proinde
875 3833 911 3873 ne
924 3825 1105 3894 gravarentur
