2648 4340
448 373 453 404 Ι
502 309 603 360 LlBER
621 311 640 360 1.
661 325 721 358 car.
734 325 770 358 ιιι.
1075 313 1110 372 13

203 451 243 510 X.
265 452 328 510 Jam
345 453 495 510 admodum
521 454 637 529 mitigati
660 454 744 510 animi
767 454 851 527 raptis
864 464 959 510 erant:
980 464 1112 528 atrapta-

162 549 226 589 runt
252 543 383 606 parentes
408 543 466 589 tum
493 532 614 587 maxime
642 531 754 588 sordidi.
779 545 853 587 veste
877 533 1060 607 lacrymisque
1083 543 1112 590 et

162 611 286 684 querelis
300 611 427 666 civitates
441 610 637 666 concitabant:
659 629 713 666 nec
726 610 800 666 donti
818 611 926 666 teritum
944 611 1112 684 indignatio·
1132 652 1136 662 .

162 709 216 745 nes
241 687 435 753 continebant,
457 689 504 744 sed
532 689 774 762 congregabantur
800 689 923 762 undique
950 689 985 744 ad
1011 688 1111 746 Titum

138 767 294 834 5Tatium,
308 783 402 841 tegern
425 767 612 822 Sabinorum:
633 777 661 822 ct
684 766 838 840 legationes
858 765 904 832 ed,
927 766 1001 841 qudd
1026 767 1112 824 maxi·

162 865 242 901 mum
269 845 348 902 Tatii
371 863 474 900 nomen
496 844 524 900 in
547 844 591 900 his
616 845 778 920 regionibus
803 857 871 912 erat,
898 846 1111 904 conveniebant.

162 924 352 980 Caeninenses
368 921 598 995 Crustuminique
618 934 646 979 et
670 923 854 980 Antemnates
875 935 964 989 erant,
987 925 1021 980 ad
1042 945 1112 998 quus

161 1003 227 1077 ejus
241 1002 350 1090 injuriae
365 1021 427 1076 pars
441 1001 607 1075 pertinebat.
648 999 739 1060 Lente
754 1019 837 1076 agere
858 1002 892 1058 iis
910 1001 1012 1058 Tatius
1032 1004 1112 1060 Sabi·

10 1125 16 1148 ,
162 1081 252 1153 nique
267 1081 315 1136 visi
330 1091 403 1135 sunt
445 1079 502 1153 Ipsi
523 1079 596 1136 inter
616 1099 646 1136 se
666 1090 722 1135 tres
744 1080 838 1156 populi
854 1081 1040 1138 communiter
1054 1081 1113 1138 bel-

15 1210 21 1220 ,
128 1160 223 1215 mlum
238 1169 346 1253 parant.
387 1157 433 1218 Ne
447 1153 622 1228 Crustumini
636 1157 747 1232 quidem
760 1170 849 1246 atque
854 1160 1039 1217 Antemnates
1042 1180 1112 1250 ,pro

34 1235 37 1240 ’
163 1237 294 1293 ardore
288 1237 384 1310 ntique
407 1236 629 1301 Caeninensium,
644 1237 761 1292 salissa
785 1234 903 1312 impigre
925 1251 1052 1294 movent:
1074 1239 1113 1294 ita

163 1335 216 1390 per
229 1335 260 1372 se
274 1315 364 1390 ipsum
378 1333 481 1371 nomeu
495 1314 662 1370 Caeninum
656 1334 684 1371 m
697 1334 793 1389 agrurn
806 1316 984 1374 Romanunt'
978 1329 1111 1389 impeturn

164 1394 243 1450 lacit.
286 1394 343 1450 Sed
364 1391 453 1450 effusa
473 1393 645 1450 vastantibus
666 1393 696 1450 fit
716 1393 814 1450 obvius
834 1411 899 1450 curn
915 1393 1040 1451 exercitu
1054 1395 1113 1452 Ro·

163 1473 270 1538 mulus,
279 1471 388 1545 levique
397 1472 549 1527 certamine
558 1472 648 1540 docet,
658 1490 757 1528 vanam
769 1473 830 1530 sine
839 1471 942 1528 viribus
954 1473 1022 1529 iram
1033 1492 1111 1530 esso:

130 1551 322 1607 mexercitum
345 1550 436 1606 fundit
459 1550 607 1624 fugatque:
636 1549 728 1606 susum
749 1551 938 1624 persequitur:
966 1569 1061 1626 regern
1082 1552 1110 1608 in

162 1630 266 1704 proelio
285 1629 444 1700 obtruncat,
465 1642 494 1685 et
514 1629 630 1702 spoliat:
652 1629 725 1684 duce
746 1629 866 1686 hostiurn
887 1629 992 1696 occiso,
1015 1631 1112 1687 urbem

162 1709 258 1783 primo
280 1708 384 1782 impetu
405 1707 489 1780 capit.
530 1705 601 1762 lude
622 1707 745 1764 exercitu
767 1707 871 1764 victore
892 1709 1017 1778 reducto,
1041 1709 1111 1784 ipse,

162 1806 253 1860 quum
278 1785 395 1842 lactis
372 1803 411 1840 vrr
434 1785 610 1859 magnificae,
625 1797 682 1842 turn
706 1785 839 1842 factorum
861 1797 1012 1843 ostentator
1037 1787 1111 1844 haud

163 1865 267 1932 minor,
282 1864 369 1938 spolia
387 1864 467 1919 ducis
487 1863 606 1919 hostiurn
629 1863 693 1918 caesi
715 1883 851 1937 suspensa
871 1863 1006 1944 fabricato
1026 1865 1061 1922 ad
1083 1865 1111 1922 itl

125 1942 232 2017 suapte
260 1912 366 2000 leroulo
391 1961 502 2017 gerens,
524 1942 552 1998 in
576 1941 744 2016 capitolium
768 1943 931 1999 adscendit:
958 1932 1051 2017 ibique
1077 1961 1112 2000 aa

162 2041 253 2097 quum
268 2021 303 2078 ad
316 2039 449 2095 quercum
463 2019 618 2094 pastoribus
631 2039 738 2075 sacratu
753 2019 935 2094 deposuisset,
950 2023 1031 2078 simul
1046 2041 1110 2078 curn

163 2103 243 2156 dorm
262 2099 419 2174 designavit
445 2099 547 2172 templo
569 2097 646 2154 Jovis
667 2097 747 2163 fines,
769 2117 981 2173 cognomenque
1005 2101 1112 2158 addidit

164 2179 248 2236 Deo:
269 2177 409 2253 “Jupiter
423 2175 560 2244 Feretri,’'
575 2175 673 2248 inquit,
689 2187 706 2211 “
717 2177 777 2234 hec
801 2177 851 2232 tibi
874 2177 959 2234 victor
972 2177 1112 2234 Romulus

164 2269 185 2294 “
198 2277 250 2314 rex
264 2258 342 2331 regia
354 2275 432 2312 arma
441 2255 499 2312 sero
507 2276 514 2322 ;
529 2254 718 2328 templumque
728 2255 761 2311 iis
769 2256 939 2329 regionibus,
951 2275 1019 2330 quas
1027 2257 1111 2316 modo

126 2343 183 2398 ἓν·
196 2336 293 2392 animo
313 2347 433 2392 metatus
453 2353 525 2404 sum,
546 2333 657 2400 dedico,
678 2333 773 2390 sedern
795 2334 894 2408 opimis
914 2336 1018 2410 spoliis,
1039 2355 1110 2410 quae,

164 2421 183 2445 “
197 2414 313 2489 regibus
324 2413 498 2488 ducibusque
507 2411 627 2468 hostiurn
638 2412 727 2481 casis,
743 2431 787 2468 rne
801 2425 942 2470 auctorem
952 2425 1110 2488 sequentes,

165 2492 302 2566 “posteri
318 2491 433 2548 serent.'’
475 2489 547 2548 Haeo
560 2490 655 2564 templi
668 2506 712 2546 est
731 2491 818 2566 origo,
832 2492 905 2564 quod
919 2493 1039 2566 primum
1052 2513 1111 2549 orn-

163 2573 246 2627 nium
261 2571 362 2627 Romae
375 2580 513 2626 sacratum
528 2580 578 2624 est.
607 2567 664 2624 vIta
677 2569 779 2626 deinde
794 2569 856 2626 Diis
870 2570 968 2637 visum,
983 2589 1038 2626 nec
1051 2571 1111 2628 irri-

164 2661 223 2705 tam
238 2649 391 2711 oonditoris
404 2649 499 2722 templi
513 2666 610 2704 vocem
624 2667 696 2712 esse,
710 2649 766 2721 qud
786 2648 889 2706 laturos
904 2667 939 2704 ea
951 2649 1039 2722 spolia
1051 2668 1112 2723 pos·

128 2741 242 2787 anteros
264 2725 452 2800 nuncupavit3
480 2745 544 2792 nec,
567 2723 745 2784 multitudiue
768 2740 938 2800 compotum,
962 2727 1024 2802 ejus
1044 2728 1110 2784 doni

165 2805 274 2880 vulgari
295 2805 416 2862 laudem.
467 2803 540 2860 Bina
562 2815 667 2879 postea,
689 2805 760 2860 inter
781 2817 820 2862 tot
843 2811 941 2875 dunos,
965 2815 1005 2861 tot
1028 2805 1109 2872 bella,

163 2885 261 2960 opima
274 2896 351 2959 parta
365 2893 430 2940 sunt
443 2882 549 2958 spolia:
570 2881 641 2940 adeo
654 2901 717 2939 rara
729 2883 789 2957 ejus
803 2883 914 2940 fortuna
927 2882 1036 2940 decoris
1049 2884 1108 2942 luit.
1166 2918 1169 2926 ·

206 3040 263 3098 XI.
285 3039 360 3097 Dum
374 3059 408 3096 ea
428 3039 466 3096 ibi
481 3039 604 3096 Romani
617 3051 728 3116 gerunt,
744 3039 956 3096 Antemnatium
970 3041 1110 3098 exercitus

165 3139 217 3194 per
230 3120 408 3176 occasionem
421 3137 456 3175 ac
477 3117 655 3175 solitudinem
676 3118 810 3175 hostiliter
831 3120 859 3174 in
881 3117 951 3174 fines
965 3117 1109 3177 Romanos

130 3198 357 3255 mincursionem
383 3197 468 3254 lacit:
488 3197 587 3271 raptim
607 3207 636 3253 et
657 3197 691 3252 ad
711 3197 762 3252 bos
783 3195 914 3258 Romana
933 3195 1006 3272 legio
1024 3198 1110 3255 ducta

167 3286 277 3352 palatos
298 3277 326 3332 in
348 3276 422 3352 agris
441 3275 586 3350 oppressit.
634 3273 703 3330 Fusi
726 3273 811 3347 igitur
835 3274 924 3348 primo
950 3277 1055 3350 impetu
1081 3288 1110 3333 et

168 3356 201 3411 cl
197 3373 291 3411 amore
305 3354 416 3411 hostes:
436 3353 568 3427 oppidum
581 3363 712 3426 captum·
732 3352 891 3428 duplicique
902 3353 1017 3412 victoria
1026 3373 1110 3412 oran-

169 3445 226 3490 tern
242 3433 396 3490 Romulum
411 3431 534 3490 Hersilia
554 3429 669 3505 conjux,
679 3429 810 3519 precibus
831 3443 970 3522 raptarum
985 3431 1108 3508 fatigata,

167 3524 238 3578 orat,
261 3521 292 3568 ut
311 3511 473 3586 parentibus
493 3527 589 3566 earum
607 3509 655 3566 det
674 3508 794 3576 veniam,
813 3521 841 3567 et
860 3511 890 3568 iu
910 3509 1049 3568 civitatem
1063 3529 1109 3566 ao·

134 3590 272 3665 accipian
293 3589 333 3646 ita
352 3608 410 3646 rem
434 3588 591 3645 coalescere
612 3587 764 3644 eoncordia
784 3607 872 3662 posse.
912 3588 1031 3646 Facile
1024 3605 1109 3662 tmpe-

168 3679 282 3728 tratum.
318 3667 389 3726 Inde
400 3677 497 3724 contra
510 3665 704 3724 Crustuminos
714 3665 863 3741 profectus,
874 3667 976 3724 bellum
989 3666 1108 3724 inferen-

168 3761 220 3806 tes.
262 3747 307 3804 Ibi
320 3747 413 3804 minus
424 3743 603 3881 etiam2qubd
617 3744 716 3802 alienis
729 3745 855 3802 cladibus
873 3745 1034 3802 ceciderant
1049 3745 1108 3804 ani·
