2642 4338
150 389 151 392 Ἴ
225 329 266 392 ffl
487 385 489 392 ,
570 331 686 384 «rtur
700 333 780 382 mvn

224 491 379 568 gressuque
403 477 597 554 impotentium
622 478 797 538 dominorum
810 497 853 540 se.
870 470 1046 543 amavissent
1098 477 1179 540 Post-

224 571 308 627 quam
323 553 401 614 citati
415 575 472 614 non
486 558 703 630 conveniebant,
725 558 834 616 dimissi
854 557 932 626 circa
952 557 1179 636 domoseppari·

224 642 309 708 tores,
331 631 412 692 simul
434 637 469 693 sd
490 637 609 712 pignora
638 637 789 713 capienda,
816 635 1084 711 sciscitandumque,
1109 657 1177 696 num

168 715 196 787 J
224 711 355 786 itonsultd
375 711 591 780 detrectarentl
632 716 766 784 raserunt,
794 717 925 774 senatum
951 715 980 772 in
1012 717 1087 792 agris
1105 735 1181 787 esse,

224 787 335 852 Letius
349 793 376 850 id
391 793 561 856 decemviris,
572 795 696 868 accidit,¹
708 794 801 870 quiam,
817 795 840 851 si
854 805 1006 870 presentes
1019 796 1177 862 detrectare
1199 816 1213 856 a

223 868 372 944 imperium
393 872 537 931 referrent.
578 873 686 931 Jubent
706 874 794 931 aceiii
812 893 921 946 omnes,
941 885 1130 950 senatumque,
1147 875 1177 933 in

160 997 164 1020 ,
223 947 299 1016 diem
314 962 456 1025 posterum
470 953 605 1022 edicuct;
629 953 677 1027 qui
691 951 834 1027 aliquautd
848 969 897 1028 spe
911 953 1034 1028 ipsorum
1049 953 1178 1028 frequen·

208 1025 276 1108 'tior
296 1032 446 1089 convenit:
466 1051 523 1106 quo
535 1031 610 1090 laeto
622 1033 760 1107 proditam
780 1051 798 1088 a
816 1031 947 1089 Patribus
966 1032 1046 1108 plebs
1065 1033 1178 1091 liberta·

222 1113 279 1162 tem
294 1119 364 1182 reta,
377 1111 450 1185 qubd
465 1108 509 1184 iis,
519 1111 567 1188 qui
578 1111 637 1188 jam
651 1111 814 1186 magistratu
839 1110 971 1178 abissent,
997 1111 1176 1188 privatisque,

222 1185 245 1241 si
261 1185 301 1242 vis
315 1189 435 1258 abesset,
450 1201 592 1266 tamqnam
612 1189 675 1267 jure
697 1189 875 1266 cogentibus,
896 1201 1012 1272 senatus
1029 1191 1176 1266 paruisset.
1187 1212 1212 1252 ro

145 1344 148 1351 '
200 1397 201 1402 ,
261 1334 408 1406 XXXIX.
441 1349 603 1425 Sedmsgis
625 1347 790 1406 obedienter
805 1303 925 1405 ’lentum
946 1347 975 1405 in
996 1321 1104 1406 curiam
1123 1301 1176 1418 est,

222 1424 308 1496 quam
328 1426 451 1486 obnoxie
477 1427 567 1486 dictas
588 1428 742 1486 sententias
761 1427 932 1504 accepimus.
970 1427 1016 1484 =1t
1031 1427 1177 1486 Valerium
1274 1475 1278 1482 .

222 1497 355 1579 Potitum,
368 1507 508 1583 proditum
530 1507 673 1566 memorie
683 1517 746 1574 est,
765 1518 828 1582 post
841 1494 1076 1582 relatio'nemrlp.
1090 1507 1177 1566 Clau·

174 1627 177 1633 ,
209 1579 271 1654 uit,
285 1586 446 1661 priusquam
457 1586 557 1644 ordine
567 1585 715 1644 sententie
727 1596 900 1662 rogarentur,
915 1586 1082 1662 postulando
1095 1598 1127 1644 ut
1139 1587 1177 1645 de

221 1659 369 1740 republica
379 1665 478 1723 liceret
491 1665 597 1733 dicere,
611 1664 824 1742 prohibentibus
836 1665 992 1723 minaciter»
998 1665 1176 1739 decemuiris,
1187 1690 1211 1730 15

222 1744 394 1814 proditurum
406 1763 436 1800 se
450 1745 486 1802 ad
499 1744 610 1820 plebem
625 1743 848 1818 denuntiantem,
859 1745 1011 1802 tumultum
1025 1745 1176 1804 excivisse.

135 1891 137 1897 Α
222 1814 286 1886 Nec
300 1821 394 1880 mimis
407 1823 537 1882 ferociter
559 1825 596 1883 M.
621 1818 770 1880 Horatium
792 1821 946 1880 Barbatum
958 1821 1013 1881 isse
1036 1824 1066 1882 iu
1087 1836 1178 1882 certa-

220 1916 297 1968 men,
320 1903 449 1960 “decem
473 1902 673 1979 Tarquinios''·
692 1901 887 1977 appellantem,
909 1902 1175 1979 admonentemque,

221 1977 373 2038 “Valeriis
393 1993 422 2040 et
442 1982 569 2040 Horatiis
588 1981 710 2039 ducibus
730 1977 823 2056 pulsos
842 1999 943 2056 reges:
977 2001 1041 2038 nec·
1052 1981 1177 2042 nominis

221 2056 239 2119 ‘f
252 2061 383 2118 homines¹
394 2067 453 2119 tum
468 2071 622 2137 pertesum
631 2079 710 2129 esser
738 2059 840 2136 quippe
860 2065 917 2134 quo
929 2057 1029 2120 Jovern
1042 2061 1175 2137 appellari
1184 2085 1210 2125 m

221 2136 238 2168 ‘⁶
252 2141 293 2198 las
306 2140 352 2207 sit,
372 2141 427 2215 q'uo
442 2141 598 2203 Romulum
620 2139 796 2198 conditorem
820 2137 905 2209 urbis,
930 2139 1120 2216 delucepsque
1133 2160 1177 2200 re·
1246 2167 1249 2172 ·

185 2245 187 2250 ’
221 2216 301 2295 “ges
324 2214 493 2294 appellatos3
523 2220 598 2295 quod
613 2219 700 2281 sacris
720 2217 815 2284 etiarn,
838 2228 868 2274 ut
888 2218 1014 2300 solenne,
1034 2229 1175 2278 retentum

146 2299 148 2306 ’
221 2295 238 2327 “
251 2299 294 2355 sit.
344 2297 512 2374 Superbiam
538 2295 752 2373 violentiamque
772 2307 966 2372 lumperosos
985 2299 1079 2375 regis:
1111 2317 1175 2374 quae

221 2376 239 2406 “
251 2377 274 2434 si
296 2377 325 2434 in
347 2394 414 2454 rege
433 2389 495 2434 turn
508 2377 619 2444 eodem,
633 2376 724 2434 autin
738 2375 796 2434 lilio
816 2371 900 2452 regis,
916 2376 1031 2435 serenda
1043 2397 1101 2436 non
1115 2377 1176 2438 lue·

220 2455 323 2524 “rint3
356 2475 441 2532 quem
462 2456 584 2514 laturum
604 2458 633 2514 in
655 2467 695 2513 tot
714 2455 852 2531 privatisl
894 2455 1041 2530 Viderent,
1061 2475 1108 2525 ne,
1129 2476 1208 2519 vens

159 2551 162 2562 ⁴
217 2533 238 2592 .“
251 2536 337 2592 tando
351 2535 381 2600 in
401 2535 592 2606 curialiberb
618 2534 747 2594 homines
762 2534 847 2610 loqui,
862 2545 941 2592 extra
961 2536 1069 2594 curiam
1089 2537 1174 2595 etiam

220 2613 238 2646 “
250 2624 395 2672 moverent
408 2631 523 2672 vocem:
544 2633 635 2690 neque
649 2632 688 2670 se*
702 2613 806 2686 uidere,
826 2615 875 2688 qui
889 2613 942 2672 sibi
954 2611 1050 2672 mimis
1064 2616 1175 2692 :privato

219 2695 238 2732 ·“
250 2695 285 2752 ad
300 2688 466 2752 concionem
481 2693 740 2772 populumvoeare,
752 2693 836 2768 quim
851 2693 906 2750 illis
919 2704 1049 2752 senatum
1061 2713 1174 2771 cogere,

210 2774 238 2827 ,“
250 2775 355 2832 liceat'
369 2819 372 2826 .
385 2772 441 2831 Ubi
467 2773 580 2841 vellent,
606 2771 810 2848 experirentur,
831 2771 937 2848 quantd
958 2773 1077 2832 ferocior
1097 2775 1175 2832 dolor

140 2883 143 2890 ·
212 2853 238 2910 ,“
250 2853 378 2912 libertate
391 2851 444 2910 suit
463 2851 643 2919 vindicanda,
664 2853 748 2927 quam
772 2851 912 2932 cupiditas
925 2852 1030 2930 injusta
1050 2853 1207 2914 domina-m

220 2933 238 2966 “
250 2933 336 2998 tione,
351 2939 434 2990 esset.
476 2931 605 2990 Debello
619 2930 726 2988 Sabino
739 2950 788 2988 eos
801 2930 925 3000 referre3
954 2943 1096 3008 tamquam
1116 2951 1175 2990 rna·

219 3012 294 3088 “jus
308 3012 395 3070 ullum
410 3012 514 3088 populo
525 3011 659 3086 Romano
680 3009 784 3068 bellum
808 3010 853 3078 sit,
869 3009 959 3086 oudin
973 3031 1044 3070 *cum
1058 3012 1101 3084 iis,
1115 3012 1173 3088 qui,

150 3144 157 3157 ,
220 3091 345 3168 “legum
361 3091 538 3152 serendarum
561 3092 647 3148 nausti
667 3089 766 3158 creati,
780 3089 851 3147 nihil
859 3089 931 3166 juris
943 3091 981 3170 in
999 3091 1112 3149 civitate
1131 3110 1176 3148 re··

159 3217 161 3224 .
219 3171 238 3204 “
250 3165 409 3244 liquerint;·
419 3171 466 3246 qui
480 3168 605 3244 comitia,
616 3169 667 3244 ¹qui
680 3187 792 3243 annuos
805 3171 993 3246 magistratus,
1007 3170 1053 3246 qui
1068 3169 1175 3226 uicissi-

218 3251 237 3318 *ξ
248 3247 375 3306 tudinem
390 3249 569 3326 imperitandi
583 3249 670 3326 (quod
684 3267 772 3308 unum
786 3249 967 3325 exequendae
975 3250 1011 3308 sit
1024 3247 1172 3328 libertatis)
1181 3269 1207 3320 as

184 3325 186 3330 ’
219 3331 238 3364 “
250 3327 434 3398 sustulerint3
455 3329 503 3405 qui
516 3329 616 3406 privati
630 3329 721 3386 lasees
740 3339 770 3386 et
789 3329 899 3406 regium
911 3327 1066 3406 imperium
1088 3326 1174 3385 habe·

220 3411 238 3446 “
250 3417 307 3465 ant·
357 3405 468 3476 Fuisse,
483 3409 597 3488 regibus
610 3408 727 3475 exactis,
740 3405 874 3483 patricios
893 3407 1071 3484 magistratus
1094 3425 1173 3468 cree-

221 3493 241 3528 “
252 3497 314 3554 test
335 3496 440 3561 postea,
454 3498 516 3562 post
529 3487 718 3548 secessionem
741 3485 840 3560 plebis,
854 3485 986 3562 plebeios.
1027 3484 1118 3562 Cujus
1131 3485 1171 3544 illi

220 3565 337 3643 “partis
359 3565 502 3623 essentl”
522 3565 651 3643 rogitare.
689 3567 709 3600 “
721 3563 895 3646 Popularesl
922 3564 995 3640 ¹quid
1025 3565 1102 3624 enim
1122 3584 1178 3636 eos

220 3729 241 3764 “
252 3731 452 3797 senatumnon
464 3723 631 3793 habuerint,
652 3733 726 3781 tunc·
734 3723 774 3781 ita
786 3723 920 3793 habeant,
933 3735 965 3782 ut
972 3724 1013 3782 de
1026 3726 1170 3802 republica

221 3808 241 3844 “
252 3805 327 3880 loqui
341 3803 527 3881 prohibeantl
563 3801 615 3894 ‘Ne
626 3802 745 3866 nimium
765 3803 795 3860 in
816 3815 897 3864 metu
907 3803 1000 3864 alienu
1011 3805 1072 3884 spei
1083 3825 1170 3884 poue

19 3599 21 3684 l
53 3635 54 3638 ’
120 3659 124 3665 ’
220 3650 301 3722 “per
319 3644 453 3722 populum
473 3644 589 3723 egisset
626 3643 805 3720 optimatesl
837 3644 885 3720 qui
907 3648 987 3702 'anno
1004 3644 1062 3722 jam
1082 3647 1230 3723 propbn'
1300 3719 1301 3724 ἵ
