2648 4340
370 282 373 288 ¹
447 323 585 413 tranat.
618 337 773 378 aaran.
824 399 826 408 Ι
878 271 944 410 ,v'i
1047 329 1084 389 ar

433 408 438 443 r
839 427 857 463 ,Δ

133 467 262 544 peditum
275 467 390 543 quidem
404 449 513 538 rbborea
528 469 665 528 aeterum
677 471 802 546 equitatu
816 479 899 530 aucto
913 489 1011 548 nuper,
1025 471 1086 548 plu-

35 581 37 624 ,
133 548 241 606 rimurn
255 547 390 606 Romana
403 550 478 606 acies
491 549 586 606 valuit.
627 549 671 606 Ab
684 551 825 625 equitibus
838 550 952 626 repente
967 551 1086 608 invectis

35 629 36 640 ¹
132 625 237 684 turbati
259 627 375 684 ordines
395 638 461 686 sunt
487 627 674 686 Sabinorum:
708 647 763 686 neo
788 649 884 706 pugna
905 629 1009 688 deinde
1031 629 1086 688 illis

132 719 273 777 constare,
288 723 344 763 neo
358 705 425 783 fuga
437 706 580 784 explicari,
595 705 657 764 sine
671 709 774 784 magni
787 709 866 766 eaede
879 709 976 785 potuit.

114 878 125 916 a
170 863 290 921 XXXI.
312 864 439 922 Deviotis
454 863 576 935 Sabinis,
591 883 678 940 quum
692 865 721 922 in
736 847 837 942 magnai
853 865 942 942 gloria
963 868 1086 944 magnis-

132 962 185 1017 que
199 943 303 1018 opibus
317 962 435 1018 regnurn
449 941 527 1000 Tulli
542 962 576 1000 ao
590 955 647 1001 tota
666 963 711 1002 res
733 944 864 1002 Romana
877 957 959 1018 esset,
974 948 1086 1006 nuntia·

133 1033 192 1078 turn
205 1023 268 1098 regi
282 1021 469 1097 Patribusque
483 1033 535 1090 est,
551 1023 579 1080 in
594 1034 688 1081 monte
699 1023 811 1080 Albano
824 1023 963 1099 lapidibus
972 1026 1084 1102 pluisse,
1093 1026 1115 1052 ¹'
1141 1030 1145 1038 ’
1189 1013 1199 1046 ⁴'
1225 1010 1229 1021 '

133 1100 220 1161 Quod
235 1120 322 1176 quum
337 1101 415 1159 oredi
429 1101 474 1158 vix
487 1113 591 1177 posset,
613 1102 705 1160 missis
719 1103 755 1159 ad
777 1103 805 1159 id
827 1103 972 1162 visendum
994 1106 1086 1182 prodi·

133 1180 221 1254 giam,
238 1180 267 1239 iu
281 1192 446 1255 conspeetu,
462 1180 537 1258 haud
551 1181 631 1238 aliter
645 1182 728 1256 quarn
742 1199 828 1257 quum
842 1182 1010 1258 grandinem
1018 1201 1086 1254 req·

108 1277 127 1314 10
135 1259 153 1314 ti
168 1259 352 1334 glomeratam
367 1259 498 1316 interrae
512 1270 609 1336 agunt,
623 1261 715 1330 orebri
736 1261 852 1320 cecider
884 1259 956 1318 noelo
969 1261 1084 1340 lapides.

135 1338 196 1395 visi
209 1339 297 1396 etiarn
311 1338 409 1395 audire
423 1355 521 1396 vooem
536 1339 680 1415 ingentem
690 1341 835 1397 exsummi
881 1335 1084 1414 dbiril'riisluco,
1157 1374 1161 1385 ι

136 1428 165 1474 ut
178 1417 268 1494 patrio
281 1417 337 1474 ritu
352 1435 432 1474 saera
445 1417 550 1474 Albani
565 1417 700 1490 facerent,
715 1437 776 1494 quae
797 1418 886 1496 (velut
899 1416 962 1476 Diis
975 1439 1085 1496 quoque

136 1496 215 1553 simul
238 1515 304 1559 ourn
327 1496 418 1572 patrii
438 1495 556 1576 relictis)
578 1497 712 1554 oblivioni
733 1498 889 1572 dederunt
912 1509 945 1581 ‘et
965 1514 1014 1592 qut
1027 1499 1086 1558 Ro-
1220 1558 1229 1568 ,
1288 1529 1289 1554 l

136 1593 218 1632 nana
231 1595 313 1632 saera
327 1583 518 1651 susceperant,
532 1588 590 1649 aut,
604 1575 731 1647 fortune,
754 1589 785 1634 ut
799 1568 1085 1648 litf'bbiraliss‘eulturn
1117 1571 1127 1641 J
1141 1573 1148 1586 ⁹
1210 1594 1213 1603 ⁴

110 1672 129 1710 15
137 1653 305 1729 reliquerant
326 1653 431 1712 Definr.
485 1654 625 1713 Romanis
645 1675 754 1732 quoque
775 1656 812 1713 ab
837 1657 937 1716 eodem
958 1658 1086 1734 prodigio

35 1749 36 1776 ³
136 1733 310 1790 novemdiale
324 1751 433 1790 saorum
450 1732 564 1807 publio&
580 1737 1084 1813 susceptumeet31euvoneeoeleeti

136 1832 169 1870 ex
182 1813 297 1870 Albano
311 1824 405 1870 monte
420 1813 505 1870 missa
520 1811 599 1889 (n'am
613 1813 641 1870 id
656 1833 765 1889 quoque
779 1815 922 1894 traditur),
944 1834 994 1872 seu
1008 1822 1085 1874 arus·

35 1893 36 1900 ’
136 1892 227 1966 pinum
241 1891 359 1948 monitu.
401 1891 509 1950 Mansit
521 1891 597 1948 certe
619 1892 744 1966 solenne,
767 1904 807 1961 ut,
829 1895 995 1970 quandoque
1010 1896 1084 1954 idem
1131 1935 1133 1942 ›

137 1971 291 2046 prodigium
314 1970 497 2041 nuntiaretur,
528 1969 604 2028 seriae
632 1989 682 2046 per
709 1991 810 2030 novem
837 1973 898 2030 dies
924 1985 1084 2049 agerentur.

109 2065 130 2103 u
139 2050 218 2107 Haud
233 2050 273 2106 ita
286 2047 374 2112 multi
387 2047 449 2124 prist
461 2049 619 2124 pestilentia
641 2049 797 2108 laboratum
820 2063 879 2108 est:
909 2052 985 2110 unde
999 2071 1085 2126 quum

136 2107 398 2206 'digritialffillltlndi
418 2128 546 2199 oriretur,
568 2128 646 2186 nulla
665 2139 760 2186 tamen
782 2130 818 2186 ab
839 2130 924 2190 armis
944 2129 1024 2206 quies
1037 2131 1086 2188 da·
1105 2155 1107 2195 ε
1212 2111 1215 2125 ¹
1250 2205 1254 2214 ι
1288 2119 1289 2126 ¹

138 2208 214 2266 batur
228 2208 264 2264 ab
278 2207 412 2265 bellicoso
431 2225 507 2286 rege,
530 2205 684 2265 salubriora
705 2207 790 2266 etiam
812 2209 946 2270 credente
968 2207 1093 2278 milities

138 2287 217 2362 quarn
230 2287 317 2353 dorni,
329 2285 464 2370 juvenen]
479 2305 595 2372 eorpora
606 2305 670 2360 esse
679 2307 698 2366 ἰ..
716 2288 808 2346 donee
830 2285 1012 2364 ipse'quoque
1027 2289 1086 2346 lon·

138 2366 239 2442 ginquo
253 2366 351 2423 morbo
364 2376 407 2422 est
421 2361 581 2440 implicitus.
595 2366 597 2372 '
621 2358 795 2424 Tund'aded
818 2367 898 2425 sraoti
920 2367 1003 2425 simul
1017 2387 1083 2426 enm

110 2459 250 2521 noorpore
264 2455 330 2502 sunt
344 2444 457 2519 spiritus
470 2444 510 2501 illi
525 2444 642 2516 feroces,
656 2455 697 2514 ut,
711 2446 759 2522 qui
780 2445 851 2504 nibil
873 2447 939 2504 ante
953 2458 1029 2504 ratus
1042 2467 1086 2505 es·

139 2524 288 2582 autminus
309 2523 428 2600 regium,
454 2521 538 2598 quarn
566 2525 653 2582 saeris
674 2525 778 2583 dedere
806 2525 941 2598 animum,
970 2529 1085 2602 repente

138 2601 266 2660 omnibus
279 2602 390 2678 magnis
404 2603 548 2678 parvisque
557 2604 802 2679 superstitionibus
809 2605 947 2662 obnoxius
960 2603 1084 2680 degeret,

80 2722 93 2754 ἢ
140 2682 377 2759 religionibusque·
386 2682 471 2738 etiarn
485 2681 618 2758 populum
640 2682 780 2758 impleret,
818 2683 912 2760 Vulgd
923 2684 982 2760 jain
997 2683 1085 2740 honri·

139 2771 393 2834 nes,eurnstatun1
407 2779 510 2828 rerum,
532 2761 579 2836 qui
601 2761 654 2818 tub
675 2761 770 2820 Numa
791 2779 858 2838 rege
880 2762 979 2834 suerat,
993 2763 1084 2836 requi·

110 2851 238 2910 attentes,
253 2858 339 2897 unam
352 2859 435 2916 opem
449 2839 531 2916 aegris
545 2841 708 2914 corporibus
728 2840 866 2910 relictam,
887 2842 911 2898 si
924 2859 979 2916 pax
994 2841 1086 2900 venia·
1168 2881 1170 2886 ·

139 2937 190 2994 que
204 2920 239 2976 ab
253 2918 317 2976 Diis
330 2919 477 2994 impetrata
490 2929 573 2990 esset,
597 2919 759 2977 eredebant.
801 2919 898 2996 Ipsum
911 2937 1017 2996 regern,
1032 2934 1085 2986 tra,-

140 2998 217 3066 dum,
231 2998 386 3056 uoluentem
401 2997 618 3056 commentatus
626 2997 655 3056 N
658 3017 739 3066 urnae,
754 3017 840 3074 quum
855 2999 892 3055 ibi
902 2998 1085 3072 quaedarnoe·

140 3077 213 3134 nulta
226 3077 353 3136 solennia
367 3076 505 3134 saorifioia
518 3073 582 3134 Jovi
603 3076 695 3135 Elicio
717 3077 791 3136 laeta
811 3077 974 3150 invenisset,
988 3096 1085 3154 opera-

35 3185 36 3214 r
140 3167 197 3214 turn
211 3157 255 3214 bis
268 3157 355 3214 saeris
368 3175 398 3213 so
408 3155 549 3214 abdidisse
561 3175 569 3225 3
590 3157 705 3214 sednon
715 3157 766 3214 rite
780 3156 880 3213 initum
895 3165 943 3213 aut
956 3169 1084 3216 curatum

110 3235 168 3293 reid
180 3253 290 3294 suorum
311 3253 390 3304 esse3
410 3253 479 3308 ,nee
501 3235 594 3292 solum
616 3235 722 3292 nullam
744 3235 771 3292 ei
792 3233 914 3294 oblatam
927 3235 1085 3296 ooelestium

141 3315 270 3390 speeiem,
284 3315 344 3386 sed,
358 3314 401 3372 iri
421 3313 509 3378 Jovis,
532 3311 672 3370 sollicitati
694 3313 780 3388 prava
792 3313 945 3390 religione,
968 3314 1085 3388 firlrnine

142 3394 224 3474 iqtunr
238 3413 304 3452 euru
325 3393 409 3452 domo
430 3390 625 3467 conflagrasse.
666 3391 770 3450 Tullus
790 3395 893 3470 magna
914 3393 1002 3471 gloria
1019 3395 1085 3452 belli

142 3472 263 3550 regnarit
277 3491 367 3531 annos
380 3471 451 3530 duos
464 3481 493 3528 et
506 3469 630 3548 triginta.

178 3629 308 3690 XXXII.
339 3613 457 3688 Mortuo⁴
473 3628 569 3698 Tullo,
591 3647 645 3702 res,
667 3640 699 3688 nt
719 3629 878 3690 institutum
897 3630 955 3708 jam
969 3629 1035 3688 inde
1049 3629 1085 3688 ab

111 3729 134 3770 n
144 3711 218 3769 initio
231 3721 299 3782 erat,
315 3711 350 3768 ad
366 3709 462 3768 Patres
475 3709 612 3768 redierat:
642 3709 726 3785 hique
741 3707 911 3786 interregem
924 3709 1086 3766 nominave-

144 3801 217 3850 rant:
237 3809 293 3868 quo
306 3789 420 3849 comitia
433 3787 564 3860 habente,
588 3789 703 3848 Anoum
724 3787 865 3848 Marcium
886 3806 982 3864 regern
1000 3807 1086 3866 popu-
1110 3793 1118 3831 ¹-
