<?xml version="1.0" encoding="UTF-8"?>
<!DOCTYPE html PUBLIC "-//W3C//DTD XHTML 1.0 Transitional//EN"
    "http://www.w3.org/TR/xhtml1/DTD/xhtml1-transitional.dtd">
<html xmlns="http://www.w3.org/1999/xhtml" xml:lang="en" lang="en">
 <head>
  <title>
</title>
<meta http-equiv="Content-Type" content="text/html;charset=utf-8" />
  <meta name='ocr-system' content='tesseract 3.04.00' />
  <meta name='ocr-capabilities' content='ocr_page ocr_carea ocr_par ocr_line ocrx_word'/>
</head>
<body>
  <div class='ocr_page' id='page_1' title='image "./historiarumetse00livygoog_0078.png"; bbox 0 0 2648 4340; ppageno 0'>
   <div class='ocr_carea' id='block_1_1' title="bbox 418 357 1145 428">
    <p class='ocr_par' dir='ltr' id='par_1_1' title="bbox 418 357 1145 428">
     <span class='ocr_line' id='line_1_1' title="bbox 418 357 1145 428; baseline 0 -18"><span class='ocrx_word' id='word_1_1' title='bbox 418 365 421 384; x_wconf 88' lang='grc'>·</span> <span class='ocrx_word' id='word_1_2' title='bbox 484 357 586 410; x_wconf 80' lang='lat' dir='ltr'><strong>unsa</strong></span> <span class='ocrx_word' id='word_1_3' title='bbox 602 359 636 410; x_wconf 91' lang='lat'><strong>11.</strong></span> <span class='ocrx_word' id='word_1_4' title='bbox 668 371 729 411; x_wconf 79' lang='lat' dir='ltr'><strong>car.</strong></span> <span class='ocrx_word' id='word_1_5' title='bbox 741 373 773 410; x_wconf 82' lang='lat' dir='ltr'><strong>rr.</strong></span> <span class='ocrx_word' id='word_1_6' title='bbox 1063 365 1103 427; x_wconf 75' lang='lat'><strong>59</strong></span> <span class='ocrx_word' id='word_1_7' title='bbox 1140 409 1145 428; x_wconf 62' lang='grc'><strong>,</strong></span> 
     </span>
    </p>
   </div>
   <div class='ocr_carea' id='block_1_2' title="bbox 115 499 1124 3434">
    <p class='ocr_par' dir='ltr' id='par_1_2' title="bbox 189 499 1103 586">
     <span class='ocr_line' id='line_1_2' title="bbox 189 499 1103 586; baseline 0.003 -22"><span class='ocrx_word' id='word_1_8' title='bbox 189 499 229 565; x_wconf 91' lang='grc' dir='ltr'><strong>ΙΙ.</strong></span> <span class='ocrx_word' id='word_1_9' title='bbox 251 503 363 564; x_wconf 84' lang='lat' dir='ltr'>Rerum</span> <span class='ocrx_word' id='word_1_10' title='bbox 377 503 480 563; x_wconf 89' lang='lat' dir='ltr'><strong>deinde</strong></span> <span class='ocrx_word' id='word_1_11' title='bbox 494 504 651 562; x_wconf 85' lang='lat' dir='ltr'><strong>divinarum</strong></span> <span class='ocrx_word' id='word_1_12' title='bbox 664 503 760 562; x_wconf 83' lang='lat' dir='ltr'><strong>habita</strong></span> <span class='ocrx_word' id='word_1_13' title='bbox 778 505 866 574; x_wconf 69' lang='lat' dir='ltr'><strong>curat</strong></span> <span class='ocrx_word' id='word_1_14' title='bbox 899 515 935 578; x_wconf 89' lang='lat' dir='ltr'><strong>et,</strong></span> <span class='ocrx_word' id='word_1_15' title='bbox 950 505 1016 582; x_wconf 86' lang='lat' dir='ltr'><strong>quia</strong></span> <span class='ocrx_word' id='word_1_16' title='bbox 1028 503 1103 586; x_wconf 73' lang='lat' dir='ltr'><strong>qua·</strong></span> 
     </span>
    </p>

    <p class='ocr_par' dir='ltr' id='par_1_3' title="bbox 115 582 1124 2325">
     <span class='ocr_line' id='line_1_3' title="bbox 167 582 1102 662; baseline 0.004 -20"><span class='ocrx_word' id='word_1_17' title='bbox 167 603 214 642; x_wconf 89' lang='lat' dir='ltr'><strong>am</strong></span> <span class='ocrx_word' id='word_1_18' title='bbox 227 585 348 662; x_wconf 72' lang='lat' dir='ltr'><strong>publica,</strong></span> <span class='ocrx_word' id='word_1_19' title='bbox 358 589 438 642; x_wconf 79' lang='lat' dir='ltr'><strong>sadra</strong></span> <span class='ocrx_word' id='word_1_20' title='bbox 450 603 499 660; x_wconf 91' lang='lat' dir='ltr'><strong>per</strong></span> <span class='ocrx_word' id='word_1_21' title='bbox 517 583 593 660; x_wconf 89' lang='lat' dir='ltr'><strong>ipsos</strong></span> <span class='ocrx_word' id='word_1_22' title='bbox 606 600 687 660; x_wconf 85' lang='lat' dir='ltr'><strong>reges</strong></span> <span class='ocrx_word' id='word_1_23' title='bbox 701 582 825 646; x_wconf 70' lang='lat' dir='ltr'><strong>factitata</strong></span> <span class='ocrx_word' id='word_1_24' title='bbox 848 595 937 653; x_wconf 86' lang='lat' dir='ltr'><strong>erant,</strong></span> <span class='ocrx_word' id='word_1_25' title='bbox 952 603 989 643; x_wconf 88' lang='lat' dir='ltr'><strong>ne</strong></span> <span class='ocrx_word' id='word_1_26' title='bbox 1003 587 1102 646; x_wconf 89' lang='lat' dir='ltr'><strong>ubiubi</strong></span> 
     </span>
     <span class='ocr_line' id='line_1_4' title="bbox 146 663 1101 740; baseline 0.005 -20"><span class='ocrx_word' id='word_1_27' title='bbox 146 681 249 739; x_wconf 82' lang='lat' dir='ltr'><strong>regum</strong></span> <span class='ocrx_word' id='word_1_28' title='bbox 276 664 448 722; x_wconf 86' lang='lat' dir='ltr'><strong>desiderium</strong></span> <span class='ocrx_word' id='word_1_29' title='bbox 475 674 559 740; x_wconf 87' lang='lat' dir='ltr'><strong>esset,</strong></span> <span class='ocrx_word' id='word_1_30' title='bbox 581 681 677 740; x_wconf 84' lang='lat' dir='ltr'><strong>regem</strong></span> <span class='ocrx_word' id='word_1_31' title='bbox 704 663 891 723; x_wconf 88' lang='lat' dir='ltr'><strong>sacrificulum</strong></span> <span class='ocrx_word' id='word_1_32' title='bbox 919 676 1026 722; x_wconf 87' lang='lat' dir='ltr'><strong>creant.</strong></span> <span class='ocrx_word' id='word_1_33' title='bbox 1067 667 1101 725; x_wconf 94' lang='lat' dir='ltr'><strong>ld</strong></span> 
     </span>
     <span class='ocr_line' id='line_1_5' title="bbox 146 740 1104 818; baseline 0.005 -19"><span class='ocrx_word' id='word_1_34' title='bbox 146 743 339 802; x_wconf 81' lang='lat' dir='ltr'><strong>sacerdotium</strong></span> <span class='ocrx_word' id='word_1_35' title='bbox 353 741 479 818; x_wconf 88' lang='lat' dir='ltr'><strong>pontifici</strong></span> <span class='ocrx_word' id='word_1_36' title='bbox 503 740 660 818; x_wconf 50' lang='lat' dir='ltr'><strong>subjecisse</strong></span> <span class='ocrx_word' id='word_1_37' title='bbox 688 757 724 798; x_wconf 88' lang='lat' dir='ltr'><strong>ne</strong></span> <span class='ocrx_word' id='word_1_38' title='bbox 749 741 860 800; x_wconf 84' lang='lat' dir='ltr'><strong>additus</strong></span> <span class='ocrx_word' id='word_1_39' title='bbox 882 743 990 802; x_wconf 91' lang='lat' dir='ltr'><strong>nomini</strong></span> <span class='ocrx_word' id='word_1_40' title='bbox 1015 745 1104 804; x_wconf 83' lang='lat' dir='ltr'><strong>honos</strong></span> 
     </span>
     <span class='ocr_line' id='line_1_6' title="bbox 124 817 1104 898; baseline 0.005 -21"><span class='ocrx_word' id='word_1_41' title='bbox 124 821 256 898; x_wconf 81' lang='lat' dir='ltr'><strong>saliquid</strong></span> <span class='ocrx_word' id='word_1_42' title='bbox 269 821 401 890; x_wconf 87' lang='lat' dir='ltr'><strong>libertati,</strong></span> <span class='ocrx_word' id='word_1_43' title='bbox 416 821 498 898; x_wconf 83' lang='lat' dir='ltr'><strong>eujus</strong></span> <span class='ocrx_word' id='word_1_44' title='bbox 512 831 581 878; x_wconf 90' lang='lat' dir='ltr'><strong>tunc</strong></span> <span class='ocrx_word' id='word_1_45' title='bbox 601 817 692 896; x_wconf 79' lang='lat' dir='ltr'><strong>prima</strong></span> <span class='ocrx_word' id='word_1_46' title='bbox 709 831 769 877; x_wconf 90' lang='lat' dir='ltr'><strong>erat</strong></span> <span class='ocrx_word' id='word_1_47' title='bbox 792 839 869 892; x_wconf 87' lang='lat' dir='ltr'><strong>cura,</strong></span> <span class='ocrx_word' id='word_1_48' title='bbox 892 823 1035 892; x_wconf 86' lang='lat' dir='ltr'><strong>officeret:</strong></span> <span class='ocrx_word' id='word_1_49' title='bbox 1069 841 1104 882; x_wconf 89' lang='lat' dir='ltr'><strong>ac</strong></span> 
     </span>
     <span class='ocr_line' id='line_1_7' title="bbox 146 899 1105 976; baseline 0.005 -20"><span class='ocrx_word' id='word_1_50' title='bbox 146 902 259 971; x_wconf 87' lang='lat' dir='ltr'><strong>nescio,</strong></span> <span class='ocrx_word' id='word_1_51' title='bbox 275 921 321 970; x_wconf 90' lang='lat' dir='ltr'><strong>an,</strong></span> <span class='ocrx_word' id='word_1_52' title='bbox 335 901 419 958; x_wconf 86' lang='lat' dir='ltr'><strong>nimis</strong></span> <span class='ocrx_word' id='word_1_53' title='bbox 432 899 557 976; x_wconf 90' lang='lat' dir='ltr'><strong>undique</strong></span> <span class='ocrx_word' id='word_1_54' title='bbox 568 903 631 956; x_wconf 79' lang='lat' dir='ltr'><strong>eam</strong></span> <span class='ocrx_word' id='word_1_55' title='bbox 655 899 780 956; x_wconf 88' lang='lat' dir='ltr'><strong>minimis</strong></span> <span class='ocrx_word' id='word_1_56' title='bbox 792 919 901 976; x_wconf 89' lang='lat' dir='ltr'><strong>quoque</strong></span> <span class='ocrx_word' id='word_1_57' title='bbox 915 902 999 959; x_wconf 86' lang='lat' dir='ltr'><strong>rebus</strong></span> <span class='ocrx_word' id='word_1_58' title='bbox 1012 904 1105 961; x_wconf 88' lang='lat' dir='ltr'><strong>muni·</strong></span> 
     </span>
     <span class='ocr_line' id='line_1_8' title="bbox 146 978 1104 1057; baseline 0.005 -22"><span class='ocrx_word' id='word_1_59' title='bbox 146 982 235 1050; x_wconf 90' lang='lat' dir='ltr'><strong>endo,</strong></span> <span class='ocrx_word' id='word_1_60' title='bbox 261 981 374 1040; x_wconf 90' lang='lat' dir='ltr'><strong>modum</strong></span> <span class='ocrx_word' id='word_1_61' title='bbox 398 979 581 1051; x_wconf 78' lang='lat' dir='ltr'><strong>excesserint.</strong></span> <span class='ocrx_word' id='word_1_62' title='bbox 622 978 755 1037; x_wconf 81' lang='lat' dir='ltr'>Consulis</span> <span class='ocrx_word' id='word_1_63' title='bbox 776 979 852 1036; x_wconf 89' lang='lat' dir='ltr'><strong>enim</strong></span> <span class='ocrx_word' id='word_1_64' title='bbox 874 981 998 1052; x_wconf 89' lang='lat' dir='ltr'><strong>alterius,</strong></span> <span class='ocrx_word' id='word_1_65' title='bbox 1017 1001 1104 1057; x_wconf 92' lang='lat' dir='ltr'><strong>quum</strong></span> 
     </span>
     <span class='ocr_line' id='line_1_9' title="bbox 147 1057 1105 1127; baseline 0.007 -14"><span class='ocrx_word' id='word_1_66' title='bbox 147 1057 219 1117; x_wconf 92' lang='lat' dir='ltr'><strong>nihil</strong></span> <span class='ocrx_word' id='word_1_67' title='bbox 235 1061 312 1118; x_wconf 90' lang='lat' dir='ltr'><strong>aliud</strong></span> <span class='ocrx_word' id='word_1_68' title='bbox 325 1059 483 1127; x_wconf 83' lang='lat' dir='ltr'><strong>offenderit,</strong></span> <span class='ocrx_word' id='word_1_69' title='bbox 508 1077 612 1117; x_wconf 85' lang='lat' dir='ltr'><strong>nomen</strong></span> <span class='ocrx_word' id='word_1_70' title='bbox 625 1057 746 1126; x_wconf 84' lang='lat' dir='ltr'><strong>invisum</strong></span> <span class='ocrx_word' id='word_1_71' title='bbox 761 1057 866 1116; x_wconf 85' lang='lat' dir='ltr'><strong>civitati</strong></span> <span class='ocrx_word' id='word_1_72' title='bbox 881 1059 941 1116; x_wconf 83' lang='lat' dir='ltr'><strong>fuit.</strong></span> <span class='ocrx_word' id='word_1_73' title='bbox 981 1061 1105 1120; x_wconf 85' lang='lat' dir='ltr'><strong>“Nimi-</strong></span> 
     </span>
     <span class='ocr_line' id='line_1_10' title="bbox 146 1135 1103 1217; baseline 0.003 -21"><span class='ocrx_word' id='word_1_74' title='bbox 146 1139 167 1172; x_wconf 89' lang='lat'>“</span> <span class='ocrx_word' id='word_1_75' title='bbox 180 1137 228 1196; x_wconf 81' lang='lat' dir='ltr'><strong>rim</strong></span> <span class='ocrx_word' id='word_1_76' title='bbox 243 1139 414 1215; x_wconf 75' lang='lat' dir='ltr'><strong>Tarquinios</strong></span> <span class='ocrx_word' id='word_1_77' title='bbox 428 1157 517 1216; x_wconf 83' lang='lat' dir='ltr'><strong>regno</strong></span> <span class='ocrx_word' id='word_1_78' title='bbox 526 1141 657 1194; x_wconf 75' lang='lat' dir='ltr'><strong>&#39;assuesce</strong></span> <span class='ocrx_word' id='word_1_79' title='bbox 670 1155 676 1195; x_wconf 94' lang='lat'><strong>:</strong></span> <span class='ocrx_word' id='word_1_80' title='bbox 691 1209 693 1214; x_wconf 28' lang='grc' dir='ltr'>Ι</span> <span class='ocrx_word' id='word_1_81' title='bbox 710 1135 821 1217; x_wconf 83' lang='lat' dir='ltr'><strong>initi-um</strong></span> <span class='ocrx_word' id='word_1_82' title='bbox 836 1155 853 1194; x_wconf 92' lang='lat' dir='ltr'><strong>a</strong></span> <span class='ocrx_word' id='word_1_83' title='bbox 866 1137 964 1196; x_wconf 87' lang='lat' dir='ltr'><strong>Prisco</strong></span> <span class='ocrx_word' id='word_1_84' title='bbox 977 1139 1103 1198; x_wconf 86' lang='lat' dir='ltr'><strong>lactum:</strong></span> 
     </span>
     <span class='ocr_line' id='line_1_11' title="bbox 115 1205 1106 1294; baseline 0.006 -21"><span class='ocrx_word' id='word_1_85' title='bbox 115 1234 138 1274; x_wconf 85' lang='lat' dir='ltr'><strong>ro</strong></span> <span class='ocrx_word' id='word_1_86' title='bbox 147 1219 167 1252; x_wconf 90' lang='lat'>“</span> <span class='ocrx_word' id='word_1_87' title='bbox 180 1219 315 1294; x_wconf 75' lang='lat' dir='ltr'><strong>regnasse</strong></span> <span class='ocrx_word' id='word_1_88' title='bbox 330 1205 433 1275; x_wconf 91' lang='lat' dir='ltr'><strong>deinde</strong></span> <span class='ocrx_word' id='word_1_89' title='bbox 448 1219 508 1275; x_wconf 87' lang='lat' dir='ltr'><strong>Ser.</strong></span> <span class='ocrx_word' id='word_1_90' title='bbox 524 1210 668 1274; x_wconf 86' lang='lat' dir='ltr'><strong>Tullium:</strong></span> <span class='ocrx_word' id='word_1_91' title='bbox 696 1235 732 1275; x_wconf 89' lang='lat' dir='ltr'><strong>ne</strong></span> <span class='ocrx_word' id='word_1_92' title='bbox 743 1216 891 1274; x_wconf 85' lang='lat' dir='ltr'><strong>&#39;intervallo</strong></span> <span class='ocrx_word' id='word_1_93' title='bbox 904 1218 1021 1292; x_wconf 90' lang='lat' dir='ltr'><strong>quidem</strong></span> <span class='ocrx_word' id='word_1_94' title='bbox 1032 1220 1106 1279; x_wconf 81' lang='lat' dir='ltr'><strong>facto</strong></span> 
     </span>
     <span class='ocr_line' id='line_1_12' title="bbox 137 1295 1105 1372; baseline 0.002 -17"><span class='ocrx_word' id='word_1_95' title='bbox 137 1295 168 1332; x_wconf 79' lang='lat'><strong>&#39;⁴‘</strong></span> <span class='ocrx_word' id='word_1_96' title='bbox 180 1298 310 1371; x_wconf 90' lang='lat' dir='ltr'><strong>oblitum,</strong></span> <span class='ocrx_word' id='word_1_97' title='bbox 332 1307 473 1372; x_wconf 84' lang='lat' dir='ltr'><strong>tamquam</strong></span> <span class='ocrx_word' id='word_1_98' title='bbox 498 1295 593 1370; x_wconf 84' lang='lat' dir='ltr'><strong>alieni,</strong></span> <span class='ocrx_word' id='word_1_99' title='bbox 617 1296 698 1372; x_wconf 86' lang='lat' dir='ltr'><strong>regni</strong></span> <span class='ocrx_word' id='word_1_100' title='bbox 719 1295 882 1371; x_wconf 80' lang='lat' dir='ltr'><strong>Superbum</strong></span> <span class='ocrx_word' id='word_1_101' title='bbox 906 1295 1105 1372; x_wconf 81' lang='lat' dir='ltr'><strong>Tarquinium,</strong></span> 
     </span>
     <span class='ocr_line' id='line_1_13' title="bbox 148 1375 1107 1452; baseline 0.003 -20"><span class='ocrx_word' id='word_1_102' title='bbox 148 1379 168 1411; x_wconf 88' lang='lat'><strong>“</strong></span> <span class='ocrx_word' id='word_1_103' title='bbox 182 1377 258 1434; x_wconf 75' lang='lat' dir='ltr'><strong>velut</strong></span> <span class='ocrx_word' id='word_1_104' title='bbox 272 1377 463 1436; x_wconf 75' lang='lat' dir='ltr'><strong>haereditatem</strong></span> <span class='ocrx_word' id='word_1_105' title='bbox 478 1375 580 1452; x_wconf 81' lang='lat' dir='ltr'><strong>gentis,</strong></span> <span class='ocrx_word' id='word_1_106' title='bbox 602 1375 709 1448; x_wconf 73' lang='lat' dir='ltr'><strong>scelere</strong></span> <span class='ocrx_word' id='word_1_107' title='bbox 731 1393 765 1431; x_wconf 88' lang='lat' dir='ltr'><strong>ac</strong></span> <span class='ocrx_word' id='word_1_108' title='bbox 779 1375 815 1432; x_wconf 82' lang='lat' dir='ltr'><strong>&#39;vi</strong></span> <span class='ocrx_word' id='word_1_109' title='bbox 836 1375 981 1452; x_wconf 80' lang='lat' dir='ltr'><strong>qepetisse.</strong></span> <span class='ocrx_word' id='word_1_110' title='bbox 1021 1376 1107 1436; x_wconf 88' lang='lat' dir='ltr'><strong>Pulso</strong></span> 
     </span>
     <span class='ocr_line' id='line_1_14' title="bbox 148 1453 1105 1534; baseline 0 -20"><span class='ocrx_word' id='word_1_111' title='bbox 148 1457 168 1492; x_wconf 89' lang='lat'><strong>“</strong></span> <span class='ocrx_word' id='word_1_112' title='bbox 182 1456 321 1532; x_wconf 88' lang='lat' dir='ltr'><strong>Superbo,</strong></span> <span class='ocrx_word' id='word_1_113' title='bbox 335 1473 423 1532; x_wconf 70' lang='lat' dir='ltr'><strong>piures</strong></span> <span class='ocrx_word' id='word_1_114' title='bbox 437 1453 771 1534; x_wconf 83' lang='lat' dir='ltr'><strong>Collatinumimperium</strong></span> <span class='ocrx_word' id='word_1_115' title='bbox 785 1473 857 1512; x_wconf 86' lang='lat' dir='ltr'><strong>esse.</strong></span> <span class='ocrx_word' id='word_1_116' title='bbox 897 1455 1019 1513; x_wconf 79' lang='lat' dir='ltr'><strong>Nescire</strong></span> <span class='ocrx_word' id='word_1_117' title='bbox 1033 1455 1105 1514; x_wconf 58' lang='lat' dir='ltr'><strong>Tar*</strong></span> 
     </span>
     <span class='ocr_line' id='line_1_15' title="bbox 149 1532 1105 1612; baseline 0.002 -20"><span class='ocrx_word' id='word_1_118' title='bbox 149 1539 169 1571; x_wconf 88' lang='lat'>“</span> <span class='ocrx_word' id='word_1_119' title='bbox 181 1535 295 1612; x_wconf 90' lang='lat' dir='ltr'><strong>quinios</strong></span> <span class='ocrx_word' id='word_1_120' title='bbox 308 1536 429 1611; x_wconf 77' lang='lat' dir='ltr'><strong>privatos</strong></span> <span class='ocrx_word' id='word_1_121' title='bbox 440 1535 531 1610; x_wconf 70' lang='lat' dir='ltr'><strong>virere</strong></span> <span class='ocrx_word' id='word_1_122' title='bbox 545 1553 551 1591; x_wconf 94' lang='lat'><strong>:</strong></span> <span class='ocrx_word' id='word_1_123' title='bbox 573 1534 629 1591; x_wconf 84' lang='lat' dir='ltr'><strong>noir</strong></span> <span class='ocrx_word' id='word_1_124' title='bbox 639 1532 750 1608; x_wconf 85' lang='lat' dir='ltr'><strong>placere</strong></span> <span class='ocrx_word' id='word_1_125' title='bbox 762 1552 865 1591; x_wconf 89' lang='lat' dir='ltr'><strong>nomen</strong></span> <span class='ocrx_word' id='word_1_126' title='bbox 878 1553 885 1590; x_wconf 75' lang='grc' dir='ltr'><strong>ε</strong></span> <span class='ocrx_word' id='word_1_127' title='bbox 914 1535 1105 1610; x_wconf 90' lang='lat' dir='ltr'><strong>periculosum</strong></span> 
     </span>
     <span class='ocr_line' id='line_1_16' title="bbox 117 1610 1107 1689; baseline 0.002 -19"><span class='ocrx_word' id='word_1_128' title='bbox 117 1619 168 1670; x_wconf 84' lang='lat'><strong>15“</strong></span> <span class='ocrx_word' id='word_1_129' title='bbox 182 1615 311 1672; x_wconf 80' lang='lat' dir='ltr'><strong>libertati·</strong></span> <span class='ocrx_word' id='word_1_130' title='bbox 326 1611 417 1671; x_wconf 81' lang='lat' dir='ltr'><strong>esse&#39;’</strong></span> <span class='ocrx_word' id='word_1_131' title='bbox 439 1615 441 1624; x_wconf 91' lang='lat'>&#39;</span> <span class='ocrx_word' id='word_1_132' title='bbox 472 1613 530 1670; x_wconf 90' lang='lat' dir='ltr'><strong>Hic</strong></span> <span class='ocrx_word' id='word_1_133' title='bbox 552 1610 644 1689; x_wconf 82' lang='lat' dir='ltr'><strong>primd</strong></span> <span class='ocrx_word' id='word_1_134' title='bbox 671 1613 775 1669; x_wconf 87' lang='lat' dir='ltr'><strong>sensim</strong></span> <span class='ocrx_word' id='word_1_135' title='bbox 791 1615 970 1672; x_wconf 44' lang='lat' dir='ltr'><strong>&#39;tentantium</strong></span> <span class='ocrx_word' id='word_1_136' title='bbox 998 1614 1107 1673; x_wconf 90' lang='lat' dir='ltr'><strong>animos</strong></span> 
     </span>
     <span class='ocr_line' id='line_1_17' title="bbox 149 1692 1107 1770; baseline -0.001 -17"><span class='ocrx_word' id='word_1_137' title='bbox 149 1693 246 1753; x_wconf 80' lang='lat' dir='ltr'><strong>sermo</strong></span> <span class='ocrx_word' id='word_1_138' title='bbox 268 1713 318 1770; x_wconf 91' lang='lat' dir='ltr'><strong>per</strong></span> <span class='ocrx_word' id='word_1_139' title='bbox 340 1705 423 1750; x_wconf 89' lang='lat' dir='ltr'><strong>totam</strong></span> <span class='ocrx_word' id='word_1_140' title='bbox 446 1692 587 1750; x_wconf 85' lang='lat' dir='ltr'><strong>civitatem</strong></span> <span class='ocrx_word' id='word_1_141' title='bbox 615 1702 658 1748; x_wconf 87' lang='lat' dir='ltr'><strong>est</strong></span> <span class='ocrx_word' id='word_1_142' title='bbox 684 1692 786 1761; x_wconf 86' lang='lat' dir='ltr'><strong>datus3</strong></span> <span class='ocrx_word' id='word_1_143' title='bbox 819 1693 1021 1769; x_wconf 85' lang='lat' dir='ltr'><strong>sollicitamque</strong></span> <span class='ocrx_word' id='word_1_144' title='bbox 1048 1713 1107 1752; x_wconf 84' lang='lat' dir='ltr'><strong>sus·</strong></span> 
     </span>
     <span class='ocr_line' id='line_1_18' title="bbox 149 1770 1107 1850; baseline 0 -19"><span class='ocrx_word' id='word_1_145' title='bbox 149 1774 266 1850; x_wconf 78' lang='lat' dir='ltr'><strong>piciens</strong></span> <span class='ocrx_word' id='word_1_146' title='bbox 288 1773 398 1848; x_wconf 89' lang='lat' dir='ltr'><strong>plebem</strong></span> <span class='ocrx_word' id='word_1_147' title='bbox 422 1771 527 1842; x_wconf 84' lang='lat' dir='ltr'><strong>Brutus</strong></span> <span class='ocrx_word' id='word_1_148' title='bbox 548 1771 583 1828; x_wconf 94' lang='lat' dir='ltr'><strong>ad</strong></span> <span class='ocrx_word' id='word_1_149' title='bbox 605 1770 772 1828; x_wconf 82' lang='lat' dir='ltr'><strong>concionem</strong></span> <span class='ocrx_word' id='word_1_150' title='bbox 791 1783 880 1828; x_wconf 89' lang='lat' dir='ltr'><strong>vocat.</strong></span> <span class='ocrx_word' id='word_1_151' title='bbox 922 1771 966 1830; x_wconf 94' lang='lat' dir='ltr'><strong>Ibi</strong></span> <span class='ocrx_word' id='word_1_152' title='bbox 979 1773 1107 1831; x_wconf 89' lang='lat' dir='ltr'><strong>omnium</strong></span> 
     </span>
     <span class='ocr_line' id='line_1_19' title="bbox 150 1849 1107 1930; baseline 0 -20"><span class='ocrx_word' id='word_1_153' title='bbox 150 1854 276 1930; x_wconf 90' lang='lat' dir='ltr'><strong>primum</strong></span> <span class='ocrx_word' id='word_1_154' title='bbox 287 1852 483 1929; x_wconf 87' lang='lat' dir='ltr'><strong>jusjurandum</strong></span> <span class='ocrx_word' id='word_1_155' title='bbox 501 1849 595 1926; x_wconf 83' lang='lat' dir='ltr'><strong>populi</strong></span> <span class='ocrx_word' id='word_1_156' title='bbox 609 1849 728 1919; x_wconf 52' lang='lat' dir='ltr'><strong>recitat:</strong></span> <span class='ocrx_word' id='word_1_157' title='bbox 755 1851 898 1908; x_wconf 87' lang='lat' dir='ltr'><strong>neminem</strong></span> <span class='ocrx_word' id='word_1_158' title='bbox 913 1871 1031 1928; x_wconf 87' lang='lat' dir='ltr'><strong>regnare</strong></span> <span class='ocrx_word' id='word_1_159' title='bbox 1045 1871 1107 1928; x_wconf 85' lang='lat' dir='ltr'><strong>pas·</strong></span> 
     </span>
     <span class='ocr_line' id='line_1_20' title="bbox 150 1928 1108 2004; baseline -0.002 -14"><span class='ocrx_word' id='word_1_160' title='bbox 150 1951 242 1998; x_wconf 79' lang='lat' dir='ltr'><strong>suros,</strong></span> <span class='ocrx_word' id='word_1_161' title='bbox 258 1951 313 1989; x_wconf 90' lang='lat' dir='ltr'><strong>nec</strong></span> <span class='ocrx_word' id='word_1_162' title='bbox 326 1951 388 1988; x_wconf 89' lang='lat' dir='ltr'><strong>esse</strong></span> <span class='ocrx_word' id='word_1_163' title='bbox 403 1931 512 2000; x_wconf 82' lang='lat' dir='ltr'><strong>Rumae,</strong></span> <span class='ocrx_word' id='word_1_164' title='bbox 527 1928 773 2004; x_wconf 77' lang='lat' dir='ltr'><strong>undepsriculum</strong></span> <span class='ocrx_word' id='word_1_165' title='bbox 788 1929 909 1998; x_wconf 78' lang='lat' dir='ltr'><strong>libertati</strong></span> <span class='ocrx_word' id='word_1_166' title='bbox 924 1931 1001 1988; x_wconf 84' lang='lat' dir='ltr'><strong>foret.</strong></span> <span class='ocrx_word' id='word_1_167' title='bbox 1042 1935 1060 1966; x_wconf 88' lang='lat'><strong>“</strong></span> <span class='ocrx_word' id='word_1_168' title='bbox 1073 1931 1108 1988; x_wconf 96' lang='lat' dir='ltr'><strong>Id</strong></span> 
     </span>
     <span class='ocr_line' id='line_1_21' title="bbox 116 2007 1109 2086; baseline 0.004 -22"><span class='ocrx_word' id='word_1_169' title='bbox 116 2026 142 2064; x_wconf 80' lang='lat' dir='ltr'><strong>ou</strong></span> <span class='ocrx_word' id='word_1_170' title='bbox 151 2015 170 2046; x_wconf 91' lang='lat'><strong>“</strong></span> <span class='ocrx_word' id='word_1_171' title='bbox 183 2014 294 2068; x_wconf 75' lang='lat' dir='ltr'><strong>summa</strong></span> <span class='ocrx_word' id='word_1_172' title='bbox 307 2029 360 2086; x_wconf 90' lang='lat' dir='ltr'><strong>ope</strong></span> <span class='ocrx_word' id='word_1_173' title='bbox 374 2009 511 2066; x_wconf 89' lang='lat' dir='ltr'><strong>tuendum</strong></span> <span class='ocrx_word' id='word_1_174' title='bbox 522 2027 584 2064; x_wconf 90' lang='lat' dir='ltr'><strong>esse</strong></span> <span class='ocrx_word' id='word_1_175' title='bbox 596 2027 604 2063; x_wconf 79' lang='lat' dir='ltr'><strong>t</strong></span> <span class='ocrx_word' id='word_1_176' title='bbox 638 2025 729 2082; x_wconf 89' lang='lat' dir='ltr'><strong>neque</strong></span> <span class='ocrx_word' id='word_1_177' title='bbox 744 2007 828 2064; x_wconf 89' lang='lat' dir='ltr'><strong>ullam</strong></span> <span class='ocrx_word' id='word_1_178' title='bbox 843 2027 911 2079; x_wconf 89' lang='lat' dir='ltr'><strong>rem,</strong></span> <span class='ocrx_word' id='word_1_179' title='bbox 925 2029 987 2084; x_wconf 76' lang='lat' dir='ltr'><strong>quae</strong></span> <span class='ocrx_word' id='word_1_180' title='bbox 1001 2009 1035 2066; x_wconf 79' lang='lat' dir='ltr'><strong>ed</strong></span> <span class='ocrx_word' id='word_1_181' title='bbox 1048 2029 1109 2086; x_wconf 84' lang='lat' dir='ltr'><strong>per·</strong></span> 
     </span>
     <span class='ocr_line' id='line_1_22' title="bbox 151 2085 1107 2163; baseline -0.002 -14"><span class='ocrx_word' id='word_1_182' title='bbox 151 2092 171 2127; x_wconf 92' lang='lat'><strong>“</strong></span> <span class='ocrx_word' id='word_1_183' title='bbox 182 2091 282 2156; x_wconf 86' lang='lat' dir='ltr'><strong>tineal‚</strong></span> <span class='ocrx_word' id='word_1_184' title='bbox 297 2089 543 2147; x_wconf 85' lang='lat' dir='ltr'><strong>contemnendam.</strong></span> <span class='ocrx_word' id='word_1_185' title='bbox 585 2085 709 2143; x_wconf 87' lang='lat' dir='ltr'><strong>Invitum</strong></span> <span class='ocrx_word' id='word_1_186' title='bbox 721 2105 751 2144; x_wconf 86' lang='lat' dir='ltr'><strong>se</strong></span> <span class='ocrx_word' id='word_1_187' title='bbox 765 2087 860 2144; x_wconf 89' lang='lat' dir='ltr'><strong>dicere</strong></span> <span class='ocrx_word' id='word_1_188' title='bbox 875 2089 997 2145; x_wconf 85' lang='lat' dir='ltr'><strong>bominis</strong></span> <span class='ocrx_word' id='word_1_189' title='bbox 1011 2093 1107 2163; x_wconf 66' lang='lat' dir='ltr'><strong>eausa,</strong></span> 
     </span>
     <span class='ocr_line' id='line_1_23' title="bbox 146 2165 1108 2241; baseline -0.002 -13"><span class='ocrx_word' id='word_1_190' title='bbox 146 2169 172 2206; x_wconf 75' lang='lat'><strong>&#39;“</strong></span> <span class='ocrx_word' id='word_1_191' title='bbox 183 2189 239 2228; x_wconf 88' lang='lat' dir='ltr'><strong>nec</strong></span> <span class='ocrx_word' id='word_1_192' title='bbox 253 2169 396 2226; x_wconf 88' lang='lat' dir='ltr'><strong>dicturum</strong></span> <span class='ocrx_word' id='word_1_193' title='bbox 413 2167 509 2233; x_wconf 89' lang='lat' dir='ltr'><strong>fuisse,</strong></span> <span class='ocrx_word' id='word_1_194' title='bbox 531 2165 563 2223; x_wconf 88' lang='lat' dir='ltr'><strong>ni</strong></span> <span class='ocrx_word' id='word_1_195' title='bbox 575 2166 677 2222; x_wconf 88' lang='lat' dir='ltr'><strong>caritas</strong></span> <span class='ocrx_word' id='word_1_196' title='bbox 690 2165 852 2241; x_wconf 86' lang='lat' dir='ltr'><strong>reipublicae</strong></span> <span class='ocrx_word' id='word_1_197' title='bbox 866 2168 999 2226; x_wconf 86' lang='lat' dir='ltr'><strong>vinceret.</strong></span> <span class='ocrx_word' id='word_1_198' title='bbox 1040 2169 1108 2226; x_wconf 91' lang='lat' dir='ltr'><strong>Non</strong></span> 
     </span>
     <span class='ocr_line' id='line_1_24' title="bbox 153 2243 1124 2325; baseline -0.002 -19"><span class='ocrx_word' id='word_1_199' title='bbox 153 2255 173 2288; x_wconf 85' lang='grc'><strong>“</strong></span> <span class='ocrx_word' id='word_1_200' title='bbox 184 2249 302 2306; x_wconf 90' lang='lat' dir='ltr'><strong>credere</strong></span> <span class='ocrx_word' id='word_1_201' title='bbox 316 2247 448 2323; x_wconf 89' lang='lat' dir='ltr'><strong>populum</strong></span> <span class='ocrx_word' id='word_1_202' title='bbox 464 2245 638 2316; x_wconf 88' lang='lat' dir='ltr'><strong>Romanum,</strong></span> <span class='ocrx_word' id='word_1_203' title='bbox 652 2243 771 2302; x_wconf 88' lang='lat' dir='ltr'><strong>solidam</strong></span> <span class='ocrx_word' id='word_1_204' title='bbox 786 2245 942 2304; x_wconf 84' lang='lat' dir='ltr'><strong>libertatem</strong></span> <span class='ocrx_word' id='word_1_205' title='bbox 962 2267 1124 2325; x_wconf 20' lang='lat' dir='ltr'><strong>recupera-r</strong></span> 
     </span>
    </p>

    <p class='ocr_par' dir='ltr' id='par_1_4' title="bbox 118 2324 1110 3434">
     <span class='ocr_line' id='line_1_25' title="bbox 152 2324 1107 2402; baseline -0.001 -16"><span class='ocrx_word' id='word_1_206' title='bbox 152 2333 170 2364; x_wconf 89' lang='lat'><strong>“</strong></span> <span class='ocrx_word' id='word_1_207' title='bbox 183 2341 241 2386; x_wconf 88' lang='lat' dir='ltr'><strong>tarn</strong></span> <span class='ocrx_word' id='word_1_208' title='bbox 256 2347 327 2385; x_wconf 89' lang='lat' dir='ltr'><strong>esse.</strong></span> <span class='ocrx_word' id='word_1_209' title='bbox 369 2325 495 2402; x_wconf 82' lang='lat' dir='ltr'><strong>Regium</strong></span> <span class='ocrx_word' id='word_1_210' title='bbox 509 2327 608 2401; x_wconf 72' lang='lat' dir='ltr'><strong>g&#39;enus,</strong></span> <span class='ocrx_word' id='word_1_211' title='bbox 629 2324 738 2399; x_wconf 82' lang='lat' dir='ltr'><strong>regium</strong></span> <span class='ocrx_word' id='word_1_212' title='bbox 763 2343 877 2398; x_wconf 89' lang='lat' dir='ltr'><strong>nornen,</strong></span> <span class='ocrx_word' id='word_1_213' title='bbox 903 2345 959 2384; x_wconf 90' lang='lat' dir='ltr'><strong>nou</strong></span> <span class='ocrx_word' id='word_1_214' title='bbox 974 2328 1063 2386; x_wconf 79' lang='lat' dir='ltr'><strong>solum</strong></span> <span class='ocrx_word' id='word_1_215' title='bbox 1078 2328 1107 2385; x_wconf 94' lang='lat' dir='ltr'><strong>in</strong></span> 
     </span>
     <span class='ocr_line' id='line_1_26' title="bbox 118 2403 1108 2479; baseline 0.004 -19"><span class='ocrx_word' id='word_1_216' title='bbox 118 2421 143 2460; x_wconf 76' lang='lat' dir='ltr'><strong>aa</strong></span> <span class='ocrx_word' id='word_1_217' title='bbox 153 2413 172 2446; x_wconf 88' lang='lat'><strong>“</strong></span> <span class='ocrx_word' id='word_1_218' title='bbox 184 2408 308 2477; x_wconf 87' lang='lat' dir='ltr'><strong>civitate,</strong></span> <span class='ocrx_word' id='word_1_219' title='bbox 320 2407 369 2463; x_wconf 88' lang='lat' dir='ltr'><strong>sed</strong></span> <span class='ocrx_word' id='word_1_220' title='bbox 383 2405 467 2462; x_wconf 88' lang='lat' dir='ltr'><strong>etiam</strong></span> <span class='ocrx_word' id='word_1_221' title='bbox 482 2404 512 2462; x_wconf 89' lang='lat' dir='ltr'><strong>in</strong></span> <span class='ocrx_word' id='word_1_222' title='bbox 527 2403 644 2479; x_wconf 88' lang='lat' dir='ltr'><strong>imperio</strong></span> <span class='ocrx_word' id='word_1_223' title='bbox 657 2421 727 2462; x_wconf 85' lang='lat' dir='ltr'><strong>esse.</strong></span> <span class='ocrx_word' id='word_1_224' title='bbox 769 2403 803 2460; x_wconf 95' lang='lat' dir='ltr'><strong>Id</strong></span> <span class='ocrx_word' id='word_1_225' title='bbox 816 2405 939 2474; x_wconf 86' lang='lat' dir='ltr'><strong>officere,</strong></span> <span class='ocrx_word' id='word_1_226' title='bbox 955 2407 983 2463; x_wconf 93' lang='lat' dir='ltr'><strong>id</strong></span> <span class='ocrx_word' id='word_1_227' title='bbox 996 2408 1108 2464; x_wconf 87' lang='lat' dir='ltr'><strong>obstare</strong></span> 
     </span>
     <span class='ocr_line' id='line_1_27' title="bbox 152 2479 1106 2562; baseline -0.002 -18"><span class='ocrx_word' id='word_1_228' title='bbox 152 2492 172 2526; x_wconf 87' lang='lat'><strong><em>“</em></strong></span> <span class='ocrx_word' id='word_1_229' title='bbox 184 2485 317 2544; x_wconf 86' lang='lat' dir='ltr'><strong>libertati.</strong></span> <span class='ocrx_word' id='word_1_230' title='bbox 360 2485 447 2542; x_wconf 88' lang='lat' dir='ltr'><strong>Hunc</strong></span> <span class='ocrx_word' id='word_1_231' title='bbox 461 2483 521 2556; x_wconf 88' lang='lat' dir='ltr'><strong>tu‚”</strong></span> <span class='ocrx_word' id='word_1_232' title='bbox 537 2483 636 2558; x_wconf 91' lang='lat' dir='ltr'><strong>inquit,</strong></span> <span class='ocrx_word' id='word_1_233' title='bbox 652 2486 669 2516; x_wconf 90' lang='lat'><strong>“</strong></span> <span class='ocrx_word' id='word_1_234' title='bbox 679 2484 728 2540; x_wconf 74' lang='lat' dir='ltr'><strong>tui</strong></span> <span class='ocrx_word' id='word_1_235' title='bbox 741 2483 892 2552; x_wconf 85' lang='lat' dir='ltr'><strong>voluntate,</strong></span> <span class='ocrx_word' id='word_1_236' title='bbox 907 2479 940 2541; x_wconf 78' lang='lat' dir='ltr'><strong>L.</strong></span> <span class='ocrx_word' id='word_1_237' title='bbox 956 2485 1106 2562; x_wconf 84' lang='lat' dir='ltr'><strong>Tarquini,</strong></span> 
     </span>
     <span class='ocr_line' id='line_1_28' title="bbox 152 2560 1109 2640; baseline -0.004 -16"><span class='ocrx_word' id='word_1_238' title='bbox 152 2571 298 2624; x_wconf 87' lang='lat' dir='ltr'><strong>“remove</strong></span> <span class='ocrx_word' id='word_1_239' title='bbox 311 2560 427 2622; x_wconf 77' lang='lat' dir='ltr'><strong>metum.</strong></span> <span class='ocrx_word' id='word_1_240' title='bbox 455 2561 650 2634; x_wconf 90' lang='lat' dir='ltr'><strong>Meminimus,</strong></span> <span class='ocrx_word' id='word_1_241' title='bbox 665 2561 793 2630; x_wconf 83' lang='lat' dir='ltr'><strong>latemur,</strong></span> <span class='ocrx_word' id='word_1_242' title='bbox 808 2563 916 2639; x_wconf 88' lang='lat' dir='ltr'><strong>ejecisti</strong></span> <span class='ocrx_word' id='word_1_243' title='bbox 931 2580 1021 2640; x_wconf 84' lang='lat' dir='ltr'><strong>reges.</strong></span> <span class='ocrx_word' id='word_1_244' title='bbox 1048 2565 1109 2621; x_wconf 86' lang='lat' dir='ltr'><strong>Ab·</strong></span> 
     </span>
     <span class='ocr_line' id='line_1_29' title="bbox 153 2639 1109 2718; baseline -0.003 -15"><span class='ocrx_word' id='word_1_245' title='bbox 153 2651 172 2684; x_wconf 88' lang='lat'><strong>“</strong></span> <span class='ocrx_word' id='word_1_246' title='bbox 185 2646 261 2704; x_wconf 83' lang='lat' dir='ltr'><strong>solve</strong></span> <span class='ocrx_word' id='word_1_247' title='bbox 275 2643 445 2702; x_wconf 88' lang='lat' dir='ltr'><strong>beneficium</strong></span> <span class='ocrx_word' id='word_1_248' title='bbox 459 2653 549 2699; x_wconf 90' lang='lat' dir='ltr'><strong>tuum.</strong></span> <span class='ocrx_word' id='word_1_249' title='bbox 591 2639 681 2700; x_wconf 88' lang='lat' dir='ltr'><strong>Auser</strong></span> <span class='ocrx_word' id='word_1_250' title='bbox 694 2641 762 2698; x_wconf 89' lang='lat' dir='ltr'><strong>hinc</strong></span> <span class='ocrx_word' id='word_1_251' title='bbox 776 2643 885 2718; x_wconf 84' lang='lat' dir='ltr'><strong>regium</strong></span> <span class='ocrx_word' id='word_1_252' title='bbox 899 2662 1011 2700; x_wconf 90' lang='lat' dir='ltr'><strong>nomen.</strong></span> <span class='ocrx_word' id='word_1_253' title='bbox 1047 2643 1109 2700; x_wconf 87' lang='lat' dir='ltr'><strong>Res</strong></span> 
     </span>
     <span class='ocr_line' id='line_1_30' title="bbox 154 2719 1107 2790; baseline -0.004 -8"><span class='ocrx_word' id='word_1_254' title='bbox 154 2731 248 2782; x_wconf 87' lang='lat' dir='ltr'><strong>“tuas</strong></span> <span class='ocrx_word' id='word_1_255' title='bbox 263 2723 312 2782; x_wconf 92' lang='lat' dir='ltr'><strong>tibi</strong></span> <span class='ocrx_word' id='word_1_256' title='bbox 327 2743 384 2780; x_wconf 91' lang='lat' dir='ltr'><strong>uon</strong></span> <span class='ocrx_word' id='word_1_257' title='bbox 398 2721 487 2780; x_wconf 82' lang='lat' dir='ltr'><strong>soldm</strong></span> <span class='ocrx_word' id='word_1_258' title='bbox 508 2721 627 2778; x_wconf 87' lang='lat' dir='ltr'><strong>reddent</strong></span> <span class='ocrx_word' id='word_1_259' title='bbox 648 2719 724 2777; x_wconf 81' lang='lat' dir='ltr'><strong>eires</strong></span> <span class='ocrx_word' id='word_1_260' title='bbox 747 2721 796 2790; x_wconf 89' lang='lat' dir='ltr'><strong>tui,</strong></span> <span class='ocrx_word' id='word_1_261' title='bbox 819 2733 933 2778; x_wconf 88' lang='lat' dir='ltr'><strong>auctore</strong></span> <span class='ocrx_word' id='word_1_262' title='bbox 948 2741 1013 2790; x_wconf 85' lang='lat' dir='ltr'><strong>me;</strong></span> <span class='ocrx_word' id='word_1_263' title='bbox 1047 2722 1107 2790; x_wconf 86' lang='lat' dir='ltr'><strong>sed,</strong></span> 
     </span>
     <span class='ocr_line' id='line_1_31' title="bbox 120 2798 1109 2879; baseline 0 -21"><span class='ocrx_word' id='word_1_264' title='bbox 120 2811 174 2858; x_wconf 63' lang='grc' dir='ltr'><em>Μ</em></span> <span class='ocrx_word' id='word_1_265' title='bbox 186 2805 210 2861; x_wconf 89' lang='lat' dir='ltr'><strong>si</strong></span> <span class='ocrx_word' id='word_1_266' title='bbox 224 2803 291 2879; x_wconf 93' lang='lat' dir='ltr'><strong>quid</strong></span> <span class='ocrx_word' id='word_1_267' title='bbox 306 2802 394 2868; x_wconf 81' lang='lat' dir='ltr'><strong>deest,</strong></span> <span class='ocrx_word' id='word_1_268' title='bbox 410 2799 543 2858; x_wconf 75' lang='lat' dir='ltr'><strong>munifice</strong></span> <span class='ocrx_word' id='word_1_269' title='bbox 558 2798 709 2876; x_wconf 86' lang='lat' dir='ltr'><strong>augebunt.</strong></span> <span class='ocrx_word' id='word_1_270' title='bbox 752 2800 871 2857; x_wconf 86' lang='lat' dir='ltr'><strong>Amicus</strong></span> <span class='ocrx_word' id='word_1_271' title='bbox 894 2801 959 2858; x_wconf 89' lang='lat' dir='ltr'><strong>abi:</strong></span> <span class='ocrx_word' id='word_1_272' title='bbox 987 2819 1109 2858; x_wconf 83' lang='lat' dir='ltr'><strong>exonera</strong></span> 
     </span>
     <span class='ocr_line' id='line_1_32' title="bbox 155 2875 1107 2953; baseline -0.005 -12"><span class='ocrx_word' id='word_1_273' title='bbox 155 2895 174 2924; x_wconf 78' lang='lat'><strong>‘¹</strong></span> <span class='ocrx_word' id='word_1_274' title='bbox 186 2883 328 2941; x_wconf 87' lang='lat' dir='ltr'><strong>civitatem</strong></span> <span class='ocrx_word' id='word_1_275' title='bbox 343 2901 417 2938; x_wconf 83' lang='lat' dir='ltr'><strong>vano</strong></span> <span class='ocrx_word' id='word_1_276' title='bbox 427 2879 541 2937; x_wconf 82' lang='lat' dir='ltr'><strong>forsitan</strong></span> <span class='ocrx_word' id='word_1_277' title='bbox 557 2890 642 2948; x_wconf 67' lang='lat' dir='ltr'><strong>metu,</strong></span> <span class='ocrx_word' id='word_1_278' title='bbox 685 2879 728 2934; x_wconf 90' lang='lat' dir='ltr'><strong>lta</strong></span> <span class='ocrx_word' id='word_1_279' title='bbox 745 2895 909 2953; x_wconf 89' lang='lat' dir='ltr'><strong>persuasum</strong></span> <span class='ocrx_word' id='word_1_280' title='bbox 932 2875 1107 2947; x_wconf 83' lang='lat' dir='ltr'><strong>est&#39;animis,</strong></span> 
     </span>
     <span class='ocr_line' id='line_1_33' title="bbox 155 2957 1108 3038; baseline -0.002 -19"><span class='ocrx_word' id='word_1_281' title='bbox 155 2969 174 3002; x_wconf 82' lang='lat'><strong>“</strong></span> <span class='ocrx_word' id='word_1_282' title='bbox 186 2981 254 3020; x_wconf 88' lang='lat' dir='ltr'><strong>curn</strong></span> <span class='ocrx_word' id='word_1_283' title='bbox 275 2972 360 3038; x_wconf 84' lang='lat' dir='ltr'><strong>gente</strong></span> <span class='ocrx_word' id='word_1_284' title='bbox 374 2958 531 3034; x_wconf 70' lang='lat' dir='ltr'><strong>Tarquinii</strong></span> <span class='ocrx_word' id='word_1_285' title='bbox 547 2963 666 3034; x_wconf 84' lang='lat' dir='ltr'><strong>regnum</strong></span> <span class='ocrx_word' id='word_1_286' title='bbox 688 2957 755 3013; x_wconf 91' lang='lat' dir='ltr'><strong>binc</strong></span> <span class='ocrx_word' id='word_1_287' title='bbox 767 3023 769 3032; x_wconf 26' lang='grc' dir='ltr'>Ι</span> <span class='ocrx_word' id='word_1_288' title='bbox 779 2957 950 3014; x_wconf 87' lang='lat' dir='ltr'><strong>abiturum.”</strong></span> <span class='ocrx_word' id='word_1_289' title='bbox 991 2958 1108 3018; x_wconf 86' lang='lat' dir='ltr'><strong>Consuli</strong></span> 
     </span>
     <span class='ocr_line' id='line_1_34' title="bbox 154 3035 1107 3122; baseline -0.007 -19"><span class='ocrx_word' id='word_1_290' title='bbox 154 3039 247 3122; x_wconf 75' lang='lat' dir='ltr'><strong>primo</strong></span> <span class='ocrx_word' id='word_1_291' title='bbox 262 3051 318 3098; x_wconf 87' lang='lat' dir='ltr'><strong>tam</strong></span> <span class='ocrx_word' id='word_1_292' title='bbox 332 3057 411 3097; x_wconf 77' lang='lat' dir='ltr'><strong>novae</strong></span> <span class='ocrx_word' id='word_1_293' title='bbox 425 3037 465 3096; x_wconf 90' lang='lat' dir='ltr'><strong>rei</strong></span> <span class='ocrx_word' id='word_1_294' title='bbox 487 3057 521 3096; x_wconf 89' lang='lat' dir='ltr'><strong>ao</strong></span> <span class='ocrx_word' id='word_1_295' title='bbox 544 3037 642 3104; x_wconf 65' lang='lat' dir='ltr'><strong>subitas</strong></span> <span class='ocrx_word' id='word_1_296' title='bbox 663 3035 810 3094; x_wconf 78' lang='lat' dir='ltr'><strong>admiratio</strong></span> <span class='ocrx_word' id='word_1_297' title='bbox 826 3035 981 3094; x_wconf 78' lang='lat' dir='ltr'><strong>incluserat</strong></span> <span class='ocrx_word' id='word_1_298' title='bbox 1001 3055 1107 3096; x_wconf 86' lang='lat' dir='ltr'><strong>vocem.</strong></span> 
     </span>
     <span class='ocr_line' id='line_1_35' title="bbox 156 3115 1108 3194; baseline -0.004 -14"><span class='ocrx_word' id='word_1_299' title='bbox 156 3125 261 3182; x_wconf 90' lang='lat' dir='ltr'><strong>Dicere</strong></span> <span class='ocrx_word' id='word_1_300' title='bbox 276 3119 379 3176; x_wconf 89' lang='lat' dir='ltr'><strong>deinde</strong></span> <span class='ocrx_word' id='word_1_301' title='bbox 393 3117 575 3194; x_wconf 80' lang='lat' dir='ltr'><strong>incipientem</strong></span> <span class='ocrx_word' id='word_1_302' title='bbox 597 3115 732 3192; x_wconf 88' lang='lat' dir='ltr'><strong>primores</strong></span> <span class='ocrx_word' id='word_1_303' title='bbox 745 3115 864 3172; x_wconf 88' lang='lat' dir='ltr'><strong>civitatis</strong></span> <span class='ocrx_word' id='word_1_304' title='bbox 878 3116 1108 3186; x_wconf 79' lang='lat' dir='ltr'><strong>circumsistunt3</strong></span> 
     </span>
     <span class='ocr_line' id='line_1_36' title="bbox 122 3193 1110 3274; baseline -0.006 -11"><span class='ocrx_word' id='word_1_305' title='bbox 122 3204 257 3262; x_wconf 76' lang='lat' dir='ltr'><strong>³⁵eadem</strong></span> <span class='ocrx_word' id='word_1_306' title='bbox 271 3199 365 3256; x_wconf 89' lang='lat' dir='ltr'><strong>multis</strong></span> <span class='ocrx_word' id='word_1_307' title='bbox 378 3197 510 3274; x_wconf 88' lang='lat' dir='ltr'><strong>precibus</strong></span> <span class='ocrx_word' id='word_1_308' title='bbox 520 3205 609 3255; x_wconf 87' lang='lat' dir='ltr'><strong>orant.</strong></span> <span class='ocrx_word' id='word_1_309' title='bbox 650 3193 688 3252; x_wconf 85' lang='lat' dir='ltr'><strong>Et</strong></span> <span class='ocrx_word' id='word_1_310' title='bbox 708 3194 802 3252; x_wconf 83' lang='lat' dir='ltr'><strong>caeteri</strong></span> <span class='ocrx_word' id='word_1_311' title='bbox 825 3194 939 3269; x_wconf 87' lang='lat' dir='ltr'><strong>quidem</strong></span> <span class='ocrx_word' id='word_1_312' title='bbox 960 3197 1110 3257; x_wconf 88' lang='lat' dir='ltr'><strong>movebant</strong></span> 
     </span>
     <span class='ocr_line' id='line_1_37' title="bbox 156 3273 1107 3354; baseline -0.007 -13"><span class='ocrx_word' id='word_1_313' title='bbox 156 3279 267 3341; x_wconf 85' lang='lat' dir='ltr'><strong>mimis:</strong></span> <span class='ocrx_word' id='word_1_314' title='bbox 294 3291 440 3354; x_wconf 87' lang='lat' dir='ltr'><strong>postquam</strong></span> <span class='ocrx_word' id='word_1_315' title='bbox 454 3275 502 3352; x_wconf 88' lang='lat' dir='ltr'><strong>Sp.</strong></span> <span class='ocrx_word' id='word_1_316' title='bbox 517 3273 675 3344; x_wconf 83' lang='lat' dir='ltr'><strong>Lucretius,</strong></span> <span class='ocrx_word' id='word_1_317' title='bbox 697 3274 785 3350; x_wconf 85' lang='lat' dir='ltr'><strong>major</strong></span> <span class='ocrx_word' id='word_1_318' title='bbox 806 3283 887 3334; x_wconf 77' lang='lat' dir='ltr'><strong>etate</strong></span> <span class='ocrx_word' id='word_1_319' title='bbox 908 3293 942 3332; x_wconf 87' lang='lat' dir='ltr'><strong>ac</strong></span> <span class='ocrx_word' id='word_1_320' title='bbox 960 3275 1107 3353; x_wconf 85' lang='lat' dir='ltr'><strong>dignitate,</strong></span> 
     </span>
     <span class='ocr_line' id='line_1_38' title="bbox 157 3351 1109 3434; baseline -0.003 -18"><span class='ocrx_word' id='word_1_321' title='bbox 157 3379 237 3421; x_wconf 84' lang='lat' dir='ltr'><strong>socer</strong></span> <span class='ocrx_word' id='word_1_322' title='bbox 252 3371 387 3434; x_wconf 79' lang='lat' dir='ltr'><strong>praeterea</strong></span> <span class='ocrx_word' id='word_1_323' title='bbox 401 3353 498 3430; x_wconf 81' lang='lat' dir='ltr'><strong>ipsius,</strong></span> <span class='ocrx_word' id='word_1_324' title='bbox 512 3371 595 3429; x_wconf 86' lang='lat' dir='ltr'><strong>agere</strong></span> <span class='ocrx_word' id='word_1_325' title='bbox 616 3351 700 3419; x_wconf 74' lang='lat' dir='ltr'><strong>varie,</strong></span> <span class='ocrx_word' id='word_1_326' title='bbox 722 3353 847 3428; x_wconf 85' lang='lat' dir='ltr'><strong>rogando</strong></span> <span class='ocrx_word' id='word_1_327' title='bbox 861 3353 974 3412; x_wconf 86' lang='lat' dir='ltr'><strong>alternis</strong></span> <span class='ocrx_word' id='word_1_328' title='bbox 987 3357 1109 3413; x_wconf 89' lang='lat' dir='ltr'><strong>suaden-</strong></span> 
     </span>
    </p>
   </div>
   <div class='ocr_carea' id='block_1_3' title="bbox 123 3431 1109 3914">
    <p class='ocr_par' dir='ltr' id='par_1_5' title="bbox 123 3431 1109 3914">
     <span class='ocr_line' id='line_1_39' title="bbox 148 3431 1108 3517; baseline -0.009 -18"><span class='ocrx_word' id='word_1_329' title='bbox 148 3443 259 3517; x_wconf 88' lang='lat' dir='ltr'><strong>doque,</strong></span> <span class='ocrx_word' id='word_1_330' title='bbox 274 3436 367 3512; x_wconf 73' lang='lat' dir='ltr'><strong>cepit,</strong></span> <span class='ocrx_word' id='word_1_331' title='bbox 382 3445 413 3492; x_wconf 89' lang='lat' dir='ltr'><strong>ut</strong></span> <span class='ocrx_word' id='word_1_332' title='bbox 429 3432 506 3490; x_wconf 72' lang='lat' dir='ltr'><strong>uinci</strong></span> <span class='ocrx_word' id='word_1_333' title='bbox 530 3451 559 3490; x_wconf 93' lang='lat' dir='ltr'><strong>se</strong></span> <span class='ocrx_word' id='word_1_334' title='bbox 574 3441 715 3490; x_wconf 87' lang='lat' dir='ltr'><strong>consensu</strong></span> <span class='ocrx_word' id='word_1_335' title='bbox 739 3431 859 3490; x_wconf 87' lang='lat' dir='ltr'><strong>civitatis</strong></span> <span class='ocrx_word' id='word_1_336' title='bbox 880 3444 1039 3508; x_wconf 88' lang='lat' dir='ltr'><strong>pateretur;</strong></span> <span class='ocrx_word' id='word_1_337' title='bbox 1074 3434 1108 3490; x_wconf 94' lang='lat' dir='ltr'><strong>ti·</strong></span> 
     </span>
     <span class='ocr_line' id='line_1_40' title="bbox 158 3511 1107 3589; baseline -0.011 -11"><span class='ocrx_word' id='word_1_338' title='bbox 158 3541 240 3582; x_wconf 89' lang='lat' dir='ltr'><strong>mens</strong></span> <span class='ocrx_word' id='word_1_339' title='bbox 264 3515 373 3582; x_wconf 91' lang='lat' dir='ltr'><strong>consul,</strong></span> <span class='ocrx_word' id='word_1_340' title='bbox 397 3533 434 3571; x_wconf 87' lang='lat' dir='ltr'><strong>ne</strong></span> <span class='ocrx_word' id='word_1_341' title='bbox 453 3511 630 3589; x_wconf 85' lang='lat' dir='ltr'><strong>postmodum</strong></span> <span class='ocrx_word' id='word_1_342' title='bbox 651 3511 757 3588; x_wconf 86' lang='lat' dir='ltr'><strong>privato</strong></span> <span class='ocrx_word' id='word_1_343' title='bbox 780 3511 833 3569; x_wconf 93' lang='lat' dir='ltr'><strong>sibi</strong></span> <span class='ocrx_word' id='word_1_344' title='bbox 855 3513 954 3570; x_wconf 87' lang='lat' dir='ltr'><strong>eadem</strong></span> <span class='ocrx_word' id='word_1_345' title='bbox 973 3514 1021 3571; x_wconf 87' lang='lat' dir='ltr'><strong>illa</strong></span> <span class='ocrx_word' id='word_1_346' title='bbox 1041 3529 1107 3569; x_wconf 90' lang='lat' dir='ltr'><strong>cum</strong></span> 
     </span>
     <span class='ocr_line' id='line_1_41' title="bbox 123 3591 1107 3675; baseline -0.011 -16"><span class='ocrx_word' id='word_1_347' title='bbox 123 3601 295 3658; x_wconf 86' lang='lat' dir='ltr'><strong>⁴⁰bonorum</strong></span> <span class='ocrx_word' id='word_1_348' title='bbox 310 3594 469 3660; x_wconf 89' lang='lat' dir='ltr'><strong>amissione,</strong></span> <span class='ocrx_word' id='word_1_349' title='bbox 492 3592 646 3667; x_wconf 64' lang='lat' dir='ltr'><strong>additaque</strong></span> <span class='ocrx_word' id='word_1_350' title='bbox 663 3591 717 3648; x_wconf 78' lang='lat' dir='ltr'><strong>alia</strong></span> <span class='ocrx_word' id='word_1_351' title='bbox 738 3591 851 3675; x_wconf 79' lang='lat' dir='ltr'><strong>insuper</strong></span> <span class='ocrx_word' id='word_1_352' title='bbox 873 3591 1037 3669; x_wconf 77' lang='lat' dir='ltr'><strong>ignominid‚</strong></span> <span class='ocrx_word' id='word_1_353' title='bbox 1060 3607 1107 3648; x_wconf 86' lang='lat' dir='ltr'><strong>au·</strong></span> 
     </span>
     <span class='ocr_line' id='line_1_42' title="bbox 159 3668 1108 3746; baseline -0.011 -9"><span class='ocrx_word' id='word_1_354' title='bbox 159 3680 297 3746; x_wconf 88' lang='lat' dir='ltr'><strong>ciderent,</strong></span> <span class='ocrx_word' id='word_1_355' title='bbox 306 3672 446 3730; x_wconf 84' lang='lat' dir='ltr'><strong>abdicavit</strong></span> <span class='ocrx_word' id='word_1_356' title='bbox 454 3691 484 3729; x_wconf 92' lang='lat' dir='ltr'><strong>se</strong></span> <span class='ocrx_word' id='word_1_357' title='bbox 494 3671 659 3730; x_wconf 84' lang='lat' dir='ltr'><strong>consulatu:</strong></span> <span class='ocrx_word' id='word_1_358' title='bbox 673 3671 812 3746; x_wconf 85' lang='lat' dir='ltr'><strong>rebusque</strong></span> <span class='ocrx_word' id='word_1_359' title='bbox 821 3668 1108 3728; x_wconf 87' lang='lat' dir='ltr'><strong>suisomnibusLavi·</strong></span> 
     </span>
     <span class='ocr_line' id='line_1_43' title="bbox 159 3747 1108 3825; baseline -0.012 -8"><span class='ocrx_word' id='word_1_360' title='bbox 159 3759 238 3816; x_wconf 88' lang='lat' dir='ltr'><strong>niurn</strong></span> <span class='ocrx_word' id='word_1_361' title='bbox 252 3753 402 3825; x_wconf 86' lang='lat' dir='ltr'><strong>translatis,</strong></span> <span class='ocrx_word' id='word_1_362' title='bbox 416 3751 528 3810; x_wconf 88' lang='lat' dir='ltr'><strong>civitate</strong></span> <span class='ocrx_word' id='word_1_363' title='bbox 542 3749 637 3808; x_wconf 71' lang='lat' dir='ltr'><strong>cessit:</strong></span> <span class='ocrx_word' id='word_1_364' title='bbox 676 3750 779 3808; x_wconf 88' lang='lat' dir='ltr'><strong>Brutus</strong></span> <span class='ocrx_word' id='word_1_365' title='bbox 799 3769 834 3808; x_wconf 85' lang='lat' dir='ltr'><strong>ex</strong></span> <span class='ocrx_word' id='word_1_366' title='bbox 855 3747 1108 3808; x_wconf 72' lang='lat' dir='ltr'><strong>senatus-consulto</strong></span> 
     </span>
     <span class='ocr_line' id='line_1_44' title="bbox 161 3827 1109 3914; baseline -0.008 -19"><span class='ocrx_word' id='word_1_367' title='bbox 161 3837 196 3895; x_wconf 91' lang='lat' dir='ltr'><strong>ad</strong></span> <span class='ocrx_word' id='word_1_368' title='bbox 216 3833 350 3914; x_wconf 88' lang='lat' dir='ltr'><strong>populum</strong></span> <span class='ocrx_word' id='word_1_369' title='bbox 373 3832 445 3902; x_wconf 88' lang='lat' dir='ltr'><strong>tulit,</strong></span> <span class='ocrx_word' id='word_1_370' title='bbox 470 3841 502 3890; x_wconf 92' lang='lat' dir='ltr'><strong>ut</strong></span> <span class='ocrx_word' id='word_1_371' title='bbox 523 3847 622 3890; x_wconf 89' lang='lat' dir='ltr'><strong>omnes</strong></span> <span class='ocrx_word' id='word_1_372' title='bbox 643 3829 806 3906; x_wconf 76' lang='lat' dir='ltr'><strong>Tarquinia</strong></span> <span class='ocrx_word' id='word_1_373' title='bbox 825 3828 919 3908; x_wconf 80' lang='lat' dir='ltr'><strong>gentis</strong></span> <span class='ocrx_word' id='word_1_374' title='bbox 941 3827 1053 3887; x_wconf 86' lang='lat' dir='ltr'><strong>exsules</strong></span> <span class='ocrx_word' id='word_1_375' title='bbox 1065 3845 1109 3888; x_wconf 85' lang='lat' dir='ltr'><strong>es·</strong></span> 
     </span>
    </p>
   </div>
   <div class='ocr_carea' id='block_1_4' title="bbox 0 0 1339 4340">
    <p class='ocr_par' dir='ltr' id='par_1_6' title="bbox 0 0 1339 4340">
     <span class='ocr_line' id='line_1_45' title="bbox 0 0 1339 4340; baseline 0 0"><span class='ocrx_word' id='word_1_376' title='bbox 0 0 1339 4340; x_wconf 95' lang='lat' dir='ltr'><strong> </strong></span> 
     </span>
    </p>
   </div>
  </div>
 </body>
</html>
