2648 4338
219 345 276 410 ιω
574 349 577 355 ’
628 343 697 396 rm
713 343 798 396 ιιιιι

218 487 437 566 “⁶Hispaniaai
470 493 500 548 et
520 487 587 546 inde
605 507 738 557 cesserot
771 488 805 546 'in
828 487 960 546 Africam·
977 487 1172 548 transcendes.

218 569 480 626 “¹Transcendea'
501 579 597 634 autem
616 568 704 624 diooi
736 568 807 624 duos
833 567 965 626 consules
990 567 1173 644 hujusanni,

219 652 236 678 “
246 667 333 704 unum
344 649 372 704 in
382 647 526 720 Africam,
529 646 646 704 aiterum
660 646 687 702 in
689 646 867 736 Hispaniam
880 647 1031 704 miseruut·
1045 647 1115 704 nihil
1126 665 1175 703 us-

219 731 329 802 “quam
344 726 424 783 nobis
438 725 568 782 relictum
581 735 632 793 est,
642 725 1090 814 nisiquodarmisvindichrimus.
1111 725 1175 782 titia

218 808 235 836 ‘⁸
228 803 661 880 ‘timidisetignavislioetess'e,
675 805 722 878 qui
733 815 891 896 respectum
903 805 1017 870 babent,
1026 822 1176 894 quossuua
1196 819 1210 860 a

217 885 321 960 Ιἰςιιῃ
335 903 387 940 aua
395 895 484 949 terra,
499 901 565 958 per
562 893 623 940 turn
633 901 668 940 ac
680 893 781 957 pacata
795 879 894 940 itinera
904 883 1057 962 hagientes‚
1070 881 1174 958 accipi-

217 961 312 1020 “ent:
333 962 412 1019 vobis
426 981 543 1020 necesse
554 973 597 1020 est
605 959 758 1018 sortibus
734 962 800 1021 viria
818 980 890 1028 ease,
904 973 943 1028 et,
954 962 1108 1020 omnibns
1101 971 1175 1019 mter

218 1041 389 1098 “victoriam
404 1051 556 1098 mortemve
569 1043 645 1096 certa
669 1041 865 1114 desperatione
888 1041 1024 1116 abruptis,
1048 1051 1100 1098 aut
1114 1041 1175 1096 rin·

218 1128 318 1187 “cere,
334 1132 390 1190 aut,
406 1139 428 1176 st
422 1120 554 1176 fortuna
578 1119 758 1188 dubitabit,
751 1139 781 1176 m
806 1119 902 1194 proelio
915 1120 1120 1195 potiusquam
1142 1120 1173 1176 in

217 1199 311 1276 “suga
326 1210 444 1258 mortem
458 1203 598 1274 oppetere.
641 1197 671 1254 Si
687 1199 742 1254 boc
767 1198 839 1254 hene
860 1198 946 1256 fixum
966 1199 1100 1272 omuibus
1120 1200 1209 1256 tle-ro
1313 1199 1314 1218 ³

215 1281 236 1314 “
244 1279 434 1352 stinatumque
448 1278 476 1334 in
492 1277 586 1332 animo
599 1285 652 1346 eet,
673 1276 772 1334 iterum
787 1277 890 1348 dicam,
905 1277 1030 1336 vicistis:
1064 1277 1174 1334 nullum

216 1367 417 1414 “momentum
444 1355 480 1412 ad
507 1356 678 1412 vincendum
701 1356 808 1412 homini
830 1356 866 1412 ab
886 1355 950 1414 Diis
970 1357 1176 1414 immortalibus

216 1445 234 1472 ‘⁸
242 1436 336 1508 acrius
349 1436 452 1492 datum‘
461 1434 534 1491 est”

208 1663 209 1670 ἵ
254 1593 346 1652 XLV
381 1591 436 1650 His
450 1590 695 1649 adhortationibus
704 1610 800 1666 quum
812 1591 977 1670 utrimque
973 1594 1008 1650 ad
1023 1559 1169 1652 certanren

215 1691 330 1731 accensa
323 1671 463 1728 'militum
479 1671 566 1728 animi
580 1673 685 1737 essent,
701 1671 825 1728 Romani
846 1679 931 1762 ponte
952 1663 1119 1756 Ticinum
1108 1691 1174 1750 Jun·
1184 1691 1209 1732 ιι

214 1762 296 1828 gunt,
310 1751 474 1825 tutandique
488 1750 581 1840 pontia
594 1754 678 1808 caussa
700 1751 880 1808 castelium
874 1771 989 1826 rnaupcr
1007 1744 1171 1830 imponunt.

217 1831 321 1888 Poenus
324 1847 428 1912 ,opere
441 1829 587 1904 occupatis
601 1829 736 1896 hostibus,
752 1829 947 1886 Maharbalem
971 1849 1038 1888 cum
1052 1831 1098 1888 ahi
1111 1831 1175 1888 Nu-

216 1910 367 1980 midarum,
391 1901 532 1982 equitibus
551 1907 724 1998 quingentis,
749 1909 785 1966 ad
799 1909 1010 2005 depopulandos
1030 1909 1172 1974 sociorum

216 1989 312 2065 'populi
339 1987 463 2066 Romani
490 2005 571 2063 agros
597 1988 691 2046 mittit.
731 1988 820 2045 Gallis
840 1988 928 2064 parci
943 1991 1028 2063 quim
1049 1989 1172 2047 maxime

214 2069 303 2144 jubet,
319 2051 532 2144 principumque
546 2066 655 2128 animos
668 2067 811 2124 sollicitari
825 2068 859 2123 ad
874 2067 1071 2125 defectionem
1100 2068 1208 2129 Pon-aa

212 2152 242 2204 te
256 2147 391 2222 perfecto,
404 2145 552 2203 traductus
566 2145 715 2203 Romanus
732 2146 876 2204 exercitus
890 2147 918 2204 in
933 2142 1042 2222 ag'rum
1039 2147 1174 2211 Insubri-

176 2263 179 2270 ,
214 2244 272 2292 um,
293 2226 416 2300 quinque
438 2223 525 2280 mittis
551 2240 684 2298 passuum
706 2243 723 2282 ι
745 2225 914 2298 Victumviis
934 2227 1071 2284 consedit
1126 2226 1172 2284 Ibi

214 2268 358 2361 Hahnibai
373 2314 465 2360 castra
488 2303 628 2360 habebat:
661 2315 849 2379 revocatoque
872 2323 988 2379 propere
978 2304 1172 2364 Maharbale

141 2452 143 2456 ι
214 2394 296 2458 atquc
309 2383 461 2458 equitibus,
475 2383 560 2456 quu‘m
575 2383 679 2439 instare
700 2394 845 2441 certamen
865 2395 1016 2452 cerneret·
1025 2384 1096 2442 nihil
1117 2403 1173 2444 un-

213 2481 297 2536 quam
316 2461 383 2518 saris
403 2462 511 2518 dictum
532 2461 783 2550 praemonitumque
804 2462 839 2521 ad
860 2431 1047 2520 cohortandos
1067 2463 1207 2554 militesne

213 2552 299 2614 ratus,
320 2540 425 2598 vocatis
451 2539 487 2596 ad
513 2540 682 2597 concionem
706 2551 799 2597 certa
808 2542 927 2616 praemia
947 2542 1117 2616 pronuntiat,
1141 2543 1172 2601 iu

213 2639 330 2734 quorum
354 2639 431 2694 spem
454 2629 621 2694 pugnarent.
672 2619 808 2708 “Agrum
827 2637 891 2676 sese
911 2621 1040 2678 daturum
1055 2639 1118 2678 esse
1140 2621 1171 2696 ip

214 2699 330 2769 '‘Italid,
356 2699 463 2765 Africa,
487 2697 635 2773 Hispania,
652 2697 699 2754 ubi
720 2717 837 2774 quisque
851 2699 954 2769 velit
948 2717 1102 2757 immunem
1118 2720 1171 2778 ipsi

213 2779 286 2854 “qui
307 2777 472 2854 accepisset,
494 2777 663 2852 liberisque3
697 2777 744 2852 qui
772 2777 932 2854 pecuniam,
954 2797 1038 2852 quam
1060 2769 1169 2870 ag'rum,

212 2858 403 2926 “maluisset
406 2857 432 2914 ei
446 2875 478 2914 se
496 2867 613 2932 argento
624 2857 855 2915 satisfacturumr
848 2859 923 2932 qui
937 2859 1078 2916 accitarum
1092 2858 1206 2918 ciresao
1235 2867 1237 2870 '

212 2937 487 3012 “Carthaginienses
511 2935 571 2992 fieri
597 2935 709 3007 vellent,
742 2947 906 3012 potestatem
931 2935 1088 2997 facturum:
1116 2937 1169 3013 qui

212 3016 337 3074 ‘domos
350 3015 442 3072 redire
457 3014 581 3086 mallent,
602 3015 733 3078 daturum
754 3035 784 3072 se
807 3029 931 3091 operam,
954 3035 990 3073 na
1011 3017 1171 3093 cujusmo-

212 3102 300 3152 “rum
320 3095 495 3170 popularium
517 3103 652 3151 mutatam
673 3111 784 3151 secum
792 3094 931 3152 fortunam
952 3093 1015 3152 esse
1028 3095 1169 3186 uellent?

213 3172 309 3230 Servis
322 3193 431 3249 quoque
445 3173 573 3230 dominos
582 3173 743 3250 prosecutis
766 3167 922 3232 libertatem
939 3159 1075 3250 proponit,
1091 3175 1170 3232 bina·

211 3269 266 3325 que
286 3270 336 3342 pro
357 3253 400 3310 his
421 3251 564 3344 mancipia
584 3251 706 3310 dominis
726 3271 757 3309 se
780 3253 964 3310 redditurum.
1019 3252 1117 3329 anue
1138 3264 1204 3314 utar

212 3339 272 3388 rata
291 3329 397 3388 scirent
419 3331 488 3398 sore,
513 3337 618 3408 agnum
642 3331 711 3388 leva
725 3349 821 3400 manu,
836 3333 952 3390 dextera
972 3331 1081 3408 silicem
1102 3334 1169 3392 reti·

211 3408 342 3481 aeneai
364 3409 481 3482 falleret,
502 3409 600 3468 Jovem
628 3421 799 3486 caeterosque
820 3421 949 3487 precatus
970 3409 1056 3478 Deos,
1074 3410 1125 3470 ita·
1137 3431 1169 3470 ee

211 3495 378 3558 mactarent,
391 3489 628 3562 quemadmodum
642 3488 701 3562 ipse
715 3507 821 3563 agnum
835 3492 992 3556 mactasset,
1006 3491 1167 3550 secundum

212 3566 403 3656 precationem
427 3579 512 3642 caput
535 3566 653 3656 pecudis
673 3585 740 3622 saxo
754 3567 837 3628 elisit.
878 3569 954 3625 Tum
970 3566 1035 3626 verri
1056 3588 1165 3638 omnes,

211 3647 288 3704 velut
302 3645 364 3704 Diis
377 3645 559 3702 auctoribus'
551 3663 580 3701 an
594 3661 672 3718 spem
687 3663 765 3702 suam
780 3647 897 3722 quisque
911 3647 1047 3723 acceptis,
1065 3649 1095 3708 id
1107 3665 1201 3709 moto

211 3745 250 3783 raa
253 3725 347 3802 ,qudd
362 3724 485 3782 nondum
500 3735 668 3798 pugnarent,
684 3725 726 3780 ad
741 3725 876 3800 potiunda
895 3739 1006 3804 sperata
1018 3728 1070 3784 rati
1074 3743 1166 3804 ,prte-

211 3773 282 3862 huin
297 3825 354 3864 uno
368 3803 462 3862 auimo
474 3813 503 3860 et
517 3821 584 3860 voce
600 3802 657 3858 und
669 3816 796 3878 poscunt.
873 3855 876 3864 ι
