2648 4340
495 309 600 364 tranat
613 311 633 362 1.
652 325 713 364 css.
725 325 767 364 cr.
1073 315 1110 374 51

158 467 287 518 conatus
306 455 429 529 videbat,
450 467 511 517 tum
530 474 547 513 c
567 455 625 514 suis
644 471 733 514 unum
746 455 921 516 sciscitatum
936 453 1060 516 Romam
1075 457 1111 514 ad

158 548 273 614 patrem
287 536 382 602 mittit,
396 501 529 610 quidnam
543 554 573 592 se
595 533 687 592 sacere
709 535 811 594 velletl
831 534 1066 611 quandoquidem,
1081 546 1112 594 ut

157 617 261 674 omnia
274 634 349 676 unus
361 615 460 672 Gabiis
474 625 576 690 posset,
598 615 625 672 ei
646 613 695 672 Dii
717 615 870 675 dedissent.
912 613 989 672 Huic
1003 616 1110 686 nuntio,

158 695 230 770 quia
258 694 372 772 (credo)
400 691 494 750 dubiae
508 693 574 750 fidei
588 693 744 784 videbatur,
768 689 837 752 nihil
858 713 926 752 voce
947 713 1111 770 responsum

133 787 227 832 cestr
258 792 318 841 rex,
333 773 408 852 velut
429 772 706 841 deliberabundus‚'
699 793 728 830 ιιι
751 773 861 832 hortum
885 773 987 830 aedium
1002 773 1111 844 transit,

159 863 302 930 sequente
319 843 418 910 nuntio
439 852 505 909 filii:
536 851 584 924 ibi,
607 851 784 910 inambulans
805 851 916 920 tacitus,
937 871 1047 909 summa
1066 869 1113 928 pa·

102 951 298 1008 paveram
325 932 418 1007 capita
438 931 541 990 dicitur
569 932 670 990 baculo
689 929 856 992 decussisse
909 929 1113 1008 Interrogando

159 1011 409 1086 exspectandoque
423 1029 587 1086 responsum
602 1011 718 1068 nuntius
732 1010 832 1083 fessus,
846 1020 919 1068 utre
940 1011 1113 1086 imperfecti,

160 1091 370 1158 reditGabios3
391 1109 453 1165 quae
473 1090 601 1147 dixerit
595 1109 663 1181 ipse,
678 1109 806 1188 quaeque
809 1084 925 1159 viderit,
938 1089 1041 1147 refert:
1062 1109 1113 1148 seu

125 1169 216 1237 mira,
232 1187 282 1226 seu
295 1169 369 1236 odio,
384 1189 433 1226 seu
446 1161 615 1245 lsuperbia
608 1169 690 1236 rusita
711 1168 836 1245 ingenio,
858 1168 964 1226 nullam
987 1187 1053 1226 eum
1068 1189 1114 1228 vo·

161 1267 229 1306 cem
250 1249 385 1306 emisisse
436 1249 522 1306 Sexto
536 1247 594 1322 ubi,
615 1249 682 1326 quid
704 1249 786 1306 vellet
806 1266 917 1324 parens,
920 1247 1031 1338 quidve
1044 1267 1113 1338 praa·

160 1328 274 1403 ciperet
287 1327 380 1385 tacitis
394 1327 568 1404 ambagibus,
583 1327 688 1404 patuit;
717 1327 852 1418 primores
873 1325 1003 1393 civitatis,
1020 1327 1114 1384 crimi-

161 1407 261 1464 nando
274 1406 343 1474 aliqs
353 1406 433 1496 apud
445 1405 587 1482 poputum,
610 1407 679 1464 alios
692 1405 772 1464 sud
765 1426 840 1497 ipsos
861 1405 967 1464 insidia
984 1416 1114 1482 opportu-

161 1505 226 1554 nos,
239 1485 401 1544 interemit:
421 1485 500 1544 multi
514 1485 625 1562 paldm3
646 1486 792 1561 quidam,
784 1505 814 1543 ιιι
827 1485 929 1561 quibus
943 1483 1040 1542 minus
1053 1503 1114 1560 spe·

127 1565 242 1627 ssciosa
256 1565 415 1622 criminatio
428 1576 487 1622 erat
501 1561 601 1636 sutura,
616 1565 690 1624 clam
704 1565 855 1623 interlecti.
896 1563 990 1622 Patuit
1002 1563 1114 1640 quibus·

161 1645 237 1702 dam
243 1627 401 1704 volentibus
416 1643 490 1719 luga,
506 1655 554 1702 aut
574 1645 604 1702 in
624 1645 753 1702 exsilium
774 1645 830 1703 acti
854 1654 929 1716 sunt,
944 1643 1114 1700 absentium·

161 1743 218 1813 que
242 1723 344 1781 bona
333 1725 414 1800 Juxta
435 1736 517 1797 atque
539 1723 767 1800 interemptorum
789 1723 890 1780 divisui
917 1690 1004 1780 luere.
1045 1721 1113 1780 Lar·

161 1799 280 1893 gitionis
307 1803 374 1860 inde
407 1803 563 1878 praedaeque
590 1813 619 1860 et
647 1803 798 1864 dulcedine
827 1803 927 1878 privati
961 1801 1112 1874 commodi,

28 1939 29 1964 ,
162 1887 265 1938 sensus
292 1883 428 1939 malorum
450 1882 626 1972 publicorum
647 1883 751 1951 adimi;
784 1882 885 1954 donec,
908 1881 976 1938 orba
996 1847 1114 1938 consilid

28 1967 30 2046 ζ
128 1961 332 2035 aoauxilioquc,
355 1959 467 2020 Gabina
487 1979 532 2018 res
552 1980 614 2038 rega
605 1959 798 2019 ''Romano
777 1980 838 2018 srne
857 1928 914 2018 ulla
932 1959 1113 2017 dimicatione

161 2040 193 2098 in
206 2053 351 2098 manumt
341 2040 466 2098 t.raditur

202 2197 266 2256 Lv.
299 2197 399 2256 Gabiis
420 2197 549 2276 receptis,
564 2165 738 2274 Tarquinius
751 2217 850 2290 pacem
871 2217 936 2256 cum
957 2197 1113 2274 AEquorum

162 2289 250 2368 gente
271 2278 356 2346 lecit3
391 2277 482 2335 loedns
502 2297 568 2336 curn
589 2277 695 2336 Tuscis
715 2275 865 2360 renovavit.
911 2277 982 2335 Inde
1009 2277 1044 2336 ad
1065 2296 1114 2334 nc·

162 2357 240 2434 gotia
262 2358 371 2414 urbana
384 2357 509 2414 animum
530 2358 686 2415 convertit:
720 2353 835 2433 quorum
851 2372 910 2414 erat
930 2356 1061 2447 primum,
1083 2368 1114 2413 ut
1201 2409 1205 2419 ,

130 2435 243 2526 arlonis
256 2435 421 2526 templum
414 2455 443 2492 nr
464 2447 559 2494 monte
580 2435 713 2514 TarpeJ'o,
736 2449 947 2494 monumentum
969 2436 1048 2514 regni
1070 2437 1112 2492 sui

162 2515 353 2609 nominisque,
367 2515 552 2590 relinqueret:
594 2515 766 2598 Tarquinios
787 2535 868 2592 reges
885 2515 990 2579 ambos,
1005 2529 1114 2590 patrem

162 2595 282 2667 vovisse,
296 2595 384 2662 filium
399 2594 557 2670 perfecisse
599 2595 646 2668 Et,
661 2609 691 2654 ut
705 2591 827 2652 liberaa
851 2596 961 2652 caeteris
975 2593 1114 2670 religioni·

107 2673 217 2759 bus
232 2694 298 2734 area
312 2685 385 2730 esset
398 2684 456 2730 tota
479 2673 564 2734 lovis
578 2673 728 2750 templique
750 2675 821 2764 eiua,
843 2675 916 2748 quod
932 2673 1115 2730 inaedificare·

163 2764 209 2811 tur
211 2773 407 2828 ,exaugurare
430 2752 495 2811 lana
515 2754 672 2829 sacellaque
694 2755 806 2823 statuit;
836 2773 898 2830 quae
920 2753 1024 2826 aliquot
1045 2750 1115 2808 ibia

131 2831 251 2897 aoTatio
265 2851 341 2908 rege,
356 2832 501 2908 primdm
495 2851 523 2890 rn
548 2833 610 2924 ipso
630 2832 793 2889 discrimine
807 2833 939 2890 adversus
959 2829 1114 2888 Romulum

162 2929 293 3002 pugnae
282 2923 353 2983 vota,
374 2923 541 2969 consecrata
563 2911 782 3004 inaugurataque
798 2923 895 2988 postea
908 2909 1025 2967 luerunt.
1067 2907 1115 2966 In·

164 3001 207 3048 ter
221 2991 359 3068 principia
373 2991 515 3048 condendi
537 2991 620 3066 hujus
639 2992 742 3066 operis,
763 2991 881 3048 movisse
895 3007 1000 3046 numen
1024 2989 1080 3046 ad
1074 3008 1115 3048 rn-

164 3069 316 3126 dicandam
331 3070 401 3126 tanti
416 3070 524 3146 imperii
546 3070 646 3128 molem
668 3070 785 3128 traditur
809 3069 901 3126 Deos:
929 3087 1005 3136 nam,
1027 3087 1114 3144 quum

163 3147 291 3206 omniurn
318 3148 492 3214 sacellorumv
511 3149 745 3226 exaugurationes
773 3149 953 3206 admitterent
982 3167 1057 3217 aves,
1085 3149 1114 3206 in

132 3227 295 3294 mTermini
309 3227 374 3285 sano
383 3247 440 3284 non
449 3227 593 3286 addixere.
615 3229 740 3286 Idomen
753 3229 955 3304 auguriumque
970 3227 1007 3285 ita
1016 3247 1122 3303 accep·

163 3318 224 3366 turn
238 3317 299 3377 est3
328 3325 384 3364 non
400 3317 504 3362 motam
518 3306 648 3364 Termini
672 3308 779 3374 sedern,
802 3327 944 3382 unumque
960 3327 1025 3365 eum
1040 3308 1115 3365 Deo-

165 3406 226 3446 rum
248 3406 304 3445 non
324 3395 472 3444 evocatum
499 3385 615 3444 sacratis
642 3385 696 3442 sibi
716 3385 829 3454 finibus,
852 3387 931 3444 firma
951 3388 1115 3461 stabiliaque

166 3477 270 3524 cuncta
282 3465 458 3542 portendere.
500 3463 565 3522 Hoc
578 3465 772 3542 perpetuitatis
788 3466 913 3541 auspicio
932 3479 1058 3542 accepto,
1072 3483 1115 3520 sc·

166 3555 262 3602 cutum
277 3545 363 3612 aliud,
378 3545 601 3636 magnitudinem
624 3543 732 3621 imperii
756 3547 936 3620 portendens,
958 3543 1114 3622 prodigium

135 3634 216 3688 areat.
270 3587 363 3698 Capul
389 3625 554 3693 humanum,
582 3625 691 3716 integra
711 3625 793 3694 facie,
809 3626 997 3717 aperientibus
1018 3623 1116 3679 funda·

167 3715 262 3762 menta
282 3703 377 3778 templi
398 3704 500 3762 dicitur
522 3705 699 3796 apparuisse:
734 3725 796 3780 quae
818 3706 875 3762 visa
895 3703 1013 3778 speclea,
1041 3703 1115 3759 haud

166 3803 215 3860 per
229 3783 371 3860 ambages,
386 3801 479 3840 arcem
494 3803 556 3842 eam
581 3784 689 3860 imperii
712 3797 850 3860 caputque
865 3801 958 3840 rernm
979 3782 1036 3840 sore
1057 3802 1119 3858 por
