2642 4338
483 357 586 442 LIBER
603 362 633 412 V.
653 377 715 413 cae.
726 376 806 412 mv.
1055 367 1112 428 ur

144 507 198 566 vir
217 505 307 584 (quod
330 507 445 584 quidem
468 505 619 566 continens
640 507 776 568 memoria
795 507 841 580 sit,
855 505 910 565 nisi
898 499 960 565 de
977 507 1109 568 Hercule

146 587 252 645 fabulis
279 589 397 646 credere
423 587 504 674 libet)
526 591 697 663 superatas.
745 586 789 644 lbi
810 605 898 663 quum
920 587 1004 645 velut
1015 599 1112 672 septos

145 667 287 724 montium
302 667 420 724 altitudo
433 667 542 724 teneret
555 667 661 732 Gallos,
683 665 1019 742 circumspectarentque,
1034 661 1109 746 qud·
1115 690 1118 696 ·

144 765 214 803 nam
227 763 279 822 per
289 745 496 824 junctacoelo
485 763 555 836 Juga
575 746 605 803 in
629 745 716 812 alium
736 745 833 802 orbem
854 757 991 804 terrarum
1006 747 1108 804 tran's'i-

120 838 221 894 srent‚
244 825 343 902 religio
364 826 448 886 etiam
462 825 564 894 tenuit,
588 826 663 900 qudd
678 825 792 882 allatum
813 835 865 916 est,
887 826 1011 883 advenas
1032 843 1108 902 qure-

37 953 40 958 ,
145 917 243 962 rentes
263 921 362 982 agrurn
383 906 419 963 ab
440 905 556 981 Salyum
584 915 669 982 gente
690 904 856 980 oppugnari.
911 904 1108 963 Massilienses

145 985 282 1052 amathi,
298 983 581 1042 navibusanocaed
603 983 729 1060 proiecti.
771 983 806 1040 ld
820 983 894 1041 Galli
909 983 1027 1042 fortune
1048 1001 1107 1042 rura

144 1083 232 1122 omen
253 1063 316 1137 rati,
337 1061 481 1141 adjuvere,
510 1073 550 1134 ut,
578 1064 662 1138 quem
683 1063 806 1140 primurn
826 1061 854 1120 in
876 1073 979 1124 terram
1000 1065 1106 1141 egressi

143 1149 365 1217 occupaverant,
387 1144 481 1201 locum
505 1109 666 1233 palentibua
685 1143 765 1200 silvis
788 1141 1006 1201 communirent.
1036 1143 1107 1219 lpsi

110 1237 136 1276 ιιι
146 1241 196 1296 per
211 1222 357 1280 Taurinos
370 1217 533 1298 saltusque
527 1221 617 1280 invios
636 1222 724 1298 Alpes
737 1221 994 1281 transcenderunt
1026 1222 1108 1280 lusis·
1138 1260 1143 1280 .

143 1321 200 1376 que
216 1303 279 1358 acie
292 1301 400 1360 Tuscis
413 1301 489 1360 baud
512 1301 609 1377 procul
629 1301 736 1359 Ticino
745 1300 875 1376 flumine,
890 1301 986 1376 quum,
1009 1289 1108 1378 inquo

143 1382 345 1448 consederant,
368 1399 468 1457 agrum
492 1379 656 1438 Insubrium
678 1381 811 1457 appellari
835 1380 989 1450 audissent,
1004 1399 1108 1456 cogno·

144 1461 225 1517 mine
255 1460 442 1518 Insubribus
450 1479 524 1537 pugo
552 1459 732 1518 AEduorum·
725 1504 732 1530 ‚
746 1496 748 1506 ι
764 1460 815 1532 ibi,
843 1479 928 1518 omen
957 1471 1107 1535 sequentes

144 1539 211 1610 loci,
228 1539 515 1616 condiddrcurbein:
534 1538 731 1598 Mediolanum
745 1539 928 1616 appellfirunt.

111 1714 134 1754 ιι
184 1691 315 1756 XXXV.
350 1699 416 1757 Alia
442 1698 563 1756 subinde
590 1717 691 1756 manus
717 1697 957 1766 Cenomanorum,
985 1697 1107 1757 Elitorro

142 1777 229 1850 duce,
246 1779 363 1855 vestigia
378 1779 500 1855 priorum
514 1787 624 1850 secuta,
639 1775 740 1840 eodem
756 1778 837 1848 saltu,
853 1777 964 1836 favente
980 1778 1107 1836 Bellove-

142 1877 287 1933 so,quum
303 1857 523 1936 transcendisset
542 1857 640 1932 Alpes,
665 1857 713 1914 ubi
734 1875 813 1914 nunc
828 1825 923 1916 llrixia
936 1875 971 1914 ac
992 1857 1107 1916 Verona

142 1904 231 1997 urbes
245 1949 311 1996 sunt
326 1937 417 2028 (locos
431 1935 549 1994 terruere
564 1935 673 2015 Libui),
689 1929 859 1994 considunt.
901 1937 967 1994 Post
981 1936 1032 1993 bos
1046 1925 1107 1994 sd-

142 2016 224 2084 luvii‚
239 2035 325 2092 prope
338 2016 481 2092 antiquam
496 2026 610 2093 gentem
626 2015 726 2072 Laevos
736 2015 866 2092 Ligures,
882 2014 1078 2072 incolentes'
1053 2033 1107 2072 crr-

108 2111 179 2152 soca
201 2095 339 2154 Ticinum
361 2112 483 2154 amnem
545 2093 655 2152 Penino
682 2094 786 2162 deinde
814 2093 876 2152 Boii
905 2093 1105 2184 Lingonesque

141 2176 324 2250 transgressi,
339 2195 433 2252 quum·
437 2175 495 2252 jam
510 2174 583 2232 inter
598 2175 706 2231 Padum
719 2184 811 2248 atque
816 2168 905 2249 Alpes
917 2173 1020 2231 omnia
1028 2181 1106 2230 tene·

141 2270 251 2324 rentur
267 2255 345 2312 Pado
358 2255 465 2315 ratibus
479 2255 605 2346 traJecto‚
621 2273 677 2311 uon
692 2253 828 2326 Etruscos
845 2253 939 2318 modd,
954 2253 1105 2310 sedetiam

141 2333 267 2392 Umbros
269 2350 358 2411 ,agro
371 2334 498 2411 pellunt:
533 2335 606 2391 intra
629 2321 812 2408 Apenninum
837 2343 932 2390 tamen
948 2349 1009 2389 sese
1024 2343 1105 2412 tenq·

142 2433 202 2471 ere.
245 2414 323 2486 Tum
351 2415 485 2482 Senones,
514 2413 701 2480 recentissimi
728 2411 910 2480 advenarum,
935 2411 971 2469 ab
999 2395 1104 2470 Utente

106 2493 262 2551 sellumine
277 2513 364 2569 usque
366 2494 414 2550 'ad
434 2493 527 2550 AEsim
542 2493 613 2549 lines
627 2493 760 2550 habuere.
802 2491 888 2548 Hanc
906 2502 1021 2568 gentem
1036 2489 1104 2548 Clu-

142 2573 217 2630 sium
221 2573 422 2649 ,Romamque
437 2573 513 2640 inde,
529 2571 639 2630 venisse
655 2570 818 2647 comperio:
838 2571 867 2628 id
880 2590 979 2646 parurn
994 2581 1104 2627 certum

142 2621 399 2725 est,solan1ne‚an
414 2652 450 2708 ab
463 2651 595 2710 ominibus
610 2652 819 2742 Cisalpinorum
833 2650 978 2708 Gallorum
993 2649 1104 2724 populis
1205 2687 1207 2690 -

142 2731 278 2808 adjutam.
322 2725 443 2800 Clusini,
459 2730 765 2800 norobelloexterriti3
780 2749 867 2806 quum
883 2728 1103 2795 multitudinem,

141 2831 229 2886 quum
246 2811 348 2869 formas
363 2801 530 2868 bominum
524 2811 678 2868 invisitatas
692 2820 851 2880 cernerent,
863 2819 894 2866 et
907 2827 999 2884 genus
1014 2803 1104 2864 armu-

141 2910 226 2957 rum3
258 2891 452 2966 audirentque,
467 2899 541 2968 saepe
562 2889 636 2946 ab'
618 2909 662 2956 ua,
677 2889 719 2946 cis
734 2887 842 2944 Padum
857 2888 995 2962 ultraque,
1015 2885 1103 2962 legio·

105 2987 132 3027 so
143 2989 195 3028 nes
209 2969 391 3028 Etruscorum
407 2970 492 3041 susas,
506 2987 674 3062 quamquam
684 2967 818 3024 adversus
832 2967 979 3024 Romanos
993 2965 1102 3027 nullum

141 3050 183 3107 eis
199 3050 245 3142 jus
266 3049 409 3118 societatis
432 3048 598 3107 amicitiaeve
620 3060 690 3113 erat,
711 3046 766 3104 nisi
786 3045 862 3122 quiid
886 3045 1020 3122 VeJ'erites
1034 3063 1102 3102 con·
1144 3085 1149 3090 -

141 3129 314 3206 sanguineos
335 3129 468 3185 adversus
489 3127 624 3204 populum
643 3124 807 3190 Romanum
821 3145 878 3183 non
897 3123 1100 3198 defendissent,

141 3208 250 3284 legatos
270 3209 404 3278 Romam,
425 3207 472 3281 qui
497 3207 633 3263 auxilium
657 3215 693 3266 ab
714 3211 823 3288 senatu'
836 3215 974 3282 peterent,
990 3203 1108 3264 misere:

141 3287 187 3345 De
202 3288 307 3346 auxilio
320 3285 412 3345 nibil
405 3304 478 3360 impe
475 3297 604 3350 tratum
635 3285 734 3360 legati
734 3297 800 3352 tres,
817 3285 853 3340 Μ.
870 3283 951 3341 Fabii
966 3284 1100 3360 Ambusti

105 3367 202 3436 aslilil,
218 3368 306 3441 missi,
327 3359 374 3444 qui
398 3366 511 3422 senariis
531 3364 681 3441 populique
702 3363 827 3420 Romani
848 3363 963 3422 nomine
984 3373 1101 3440 agerent
1170 3435 1172 3438 Ι

142 3467 209 3506 cum
230 3447 390 3515 Galllsne,
413 3463 429 3502 a
452 3443 705 3520 quibusnullam
698 3443 829 3520 injuriam
851 3443 1037 3520 accepissent,
1057 3459 1100 3497 so·

142 3527 203 3584 cios
217 3527 311 3602 populi
328 3525 452 3583 Romani
476 3535 559 3600 atque
583 3524 690 3582 amicos
713 3533 918 3600 oppugnarent,
960 3518 1100 3580 Romanis

141 3605 279 3663 eos'bello
300 3625 418 3696 quoqpe,
442 3603 466 3662 si
491 3623 536 3662 res
558 3615 675 3696 cogqat
673 3603 794 3660 tuendos
817 3622 899 3662 esse:
933 3602 983 3659 aed
998 3597 1099 3655 melius

143 3683 244 3770 visum,
261 3685 385 3744 bellum
378 3703 470 3780 ipsum
495 3684 627 3750 amoueri,
652 3683 675 3740 si
690 3693 804 3759 posset3
835 3695 864 3740 et
877 3681 983 3747 Gallos,
997 3693 1099 3734 novam

109 3775 269 3843 sugentem,
283 3783 353 3842 pace
363 3763 455 3842 potiris
467 3763 615 3840 cognosci,
627 3761 712 3838 quam
726 3763 819 3820 armis.
908 3780 912 3794 ¹
