2648 4338
19 861 21 896 i

463 365 638 432 prosam.
653 375 781 416 esem.
1002 335 1004 350 Ι
1023 361 1098 424 vm
1140 354 1143 360 ’

127 538 132 547 =
148 505 277 576 omnium
289 525 324 588 ex
338 507 467 568 Patribus
491 509 638 586 popularis
653 508 754 577 iaetus,
777 506 843 566 eum
863 504 1094 590 piebejislmdgis·

150 587 267 644 tratibus
280 588 403 660 oonsiiiu'
412 590 638 650 communicare:
660 583 836 654 criminando
848 587 955 660 Patres,
969 587 1096 645 silicien·

149 665 185 723 do
198 665 237 746 ud¹
259 659 429 742 so‘piebem,
447 669 504 744 jam
525 669 604 735 euri,
627 685 685 725 non
708 667 835 740 oonsilio,
860 665 934 736 ferri,
959 665 1095 742 fameque

149 743 366 821 magnanime
386 747 469 821 quim
490 748 570 805 bone
590 765 671 804 esse:
692 737 750 823 'et,·
770 763 827 802 non
847 757 996 810 oontentus
1009 740 1093 822 ‘agre-

128 823 338 900 triisiegibus,
364 845 426 900 quar
452 826 569 884 materia
596 844 705 902 semper
732 825 852 882 tribunis
874 823 1107 900 plebis‘sediuo.

148 920 216 976 nom
231 902 340 970 fuisset,
351 903 436 962 fidem
446 905 537 963 moliri
548 901 649 980 ooepit:
671 905 689 940 ⁴⁴
699 904 820 964 seriores
827 902 929 978 quippe
937 903 1003 962 ‘eris
1011 903 1095 962 alieni

149 990 168 1017 “
176 981 305 1041 stimulos
319 1001 390 1050 esse,
404 983 452 1060 qui
467 1003 523 1042 non
544 995 697 1060 egestatem
713 981 795 1040 modii
813 993 897 1058 atque
911 981 1096 1060 ignominiam

148 1059 328 1134 “mineatum
343 1063 391 1120 sed
406 1082 492 1138 nervo
505 1081 539 1120 no
552 1057 672 1120 vinculis
685 1081 787 1138 oonpqs
795 1061 913 1118 liberum
925 1063 1053 1120 territent
1064 1063 1105 1136 :'’¹

147 1148 249 1196 steret
264 1141 326 1200 eris
339 1141 424 1198 aiie'ni
438 1161 542 1218 magna
564 1142 614 1207 vis,
636 1160 666 1198 re
681 1139 894 1198 damnosissimti
908 1140 993 1200 etism
1007 1142 1098 1200 diviti·

116 1216 209 1285 robus,
225 1219 391 1282 edificando
410 1231 562 1290 eontracta.
604 1219 714 1289 Bellum
738 1211 830 1294 itaque
855 1219 999 1292 Volscum,
1013 1239 1098 1296 grave
1163 1255 1165 1264 ‚

145 1313 196 1370 per
209 1315 250 1369 se,
263 1309 409 1356 oneratum
431 1298 595 1357 Latinorum
613 1295 700 1374 etque
725 1299 914 1356 Hernioorum
927 1296 1097 1367 deiectione,

146 1374 313 1450 in'speoiem
337 1389 430 1434 oausae
450 1377 594 1454 jactatum,
618 1389 649 1435 ut
669 1378 756 1453 major
776 1387 898 1456 potestas
917 1377 1097 1452 quereretur.

146 1453 205 1511 Sed
226 1473 297 1513 nors
316 1455 435 1514 eonsiiiu
449 1455 549 1514 Manlii
563 1457 654 1534 magis
673 1455 833 1532 compulere
847 1467 976 1514 senatum
989 1457 1025 1522 ad
1039 1457 1099 1516 dio-

146 1541 263 1592 tatorem
291 1536 479 1592 creandum..<
494 1535 615 1612 Crestus
640 1537 678 1592 A.
700 1535 849 1600 Cornelius
869 1535 975 1594 Cossus
994 1536 1098 1614 magis-

115 1620 218 1669 utrum
231 1613 358 1689 equiturn
372 1614 493 1684 dixityT.
506 1614 660 1703 Quintium
674 1614 872 1691 Capitolinum:

183 1769 267 1828 XIV.
289 1770 416 1832 'Dictator
429 1773 584 1831 exereitum
599 1773 628 1830 in
642 1772 750 1830 stativis
758 1773 889 1841 tenebat.
910 1774 1027 1832 minime
1045 1775 1098 1832 du·

143 1846 217 1915 bius,
233 1851 336 1910 beilum
351 1871 416 1910 oum
431 1852 475 1910 hir
499 1852 608 1928 popuiis
622 1853 719 1909 Patres
731 1853 858 1928 jussuros
867 1873 874 1922 ;
895 1873 994 1928 ¹quum
1009 1851 1108 1930 major,

144 1927 221 1984 domi
234 1943 330 1988 exorte
350 1931 437 1988 moles
458 1931 551 2006 megit
564 1931 659 1990 aooiri‘
672 1932 791 2002 Romam
811 1949 887 2004 eum,
908 1931 1045 2012 gliscente
1066 1933 1096 1990 in

143 2005 207 2062 dies
214 2007 363 2082 seditione,
374 2029 456 2084 quam
468 2009 549 2067 solito
557 2010 648 2086 magis
655 2009 839 2067 metuendam
850 2010 1077 2080 auotorsaoiebut
1088 2031 1095 2068 ι

112 2087 291 2148 arnonenim
303 2087 361 2163 jam
374 2089 514 2146 orationes
527 2085 610 2146 modd
624 2087 665 2146 M.
675 2087 784 2158 Moniii,
794 2087 843 2144 sed
858 2087 940 2160 iacta,
952 2089 1097 2165 popularia

145 2161 173 2220 'n
188 2165 322 2240 speeiem,
337 2167 508 2242 tumultuosa
527 2167 636 2236 eadem,
657 2168 713 2242 qud
727 2166 944 2240 mentevfierent,
959 2169 1097 2234 intuenda
1118 2238 1121 2246 ,

142 2255 232 2302 erant
253 2245 467 2318 centurionem,
475 2237 598 2304 nobilem
611 2241 875 2318 militaribusfaet'is,
883 2245 1041 2322 judicatum
1050 2266 1097 2323 pe-
1165 2322 1166 2325 Ἴ

142 2323 235 2380 euniae
243 2343 329 2398 quum
341 2324 407 2382 duoi
417 2325 539 2398 vidisset,
550 2325 642 2388 medio
651 2325 781 2384 ioroodn'r
792 2327 906 2386 catervii
915 2328 1098 2386 suuaoeurrit

141 2409 171 2458 et
179 2419 294 2460 manum
304 2403 417 2480 injecit:
433 2403 700 2480 vociferatusque'de
711 2405 840 2496 superbis
853 2405 976 2477 Petrum,
987 2423 1021 2464 en
1032 2425 1104 2464 eru·¹

110 2478 257 2540 sedeiitute
271 2481 479 2560 foeneratorum,
493 2494 522 2540 et
542 2484 662 2544 miseriis
682 2485 782 2561 piebis,
797 2483 945 2542 virtutibus
968 2486 1030 2561 ejus
1043 2485 1098 2563 viri
1151 2559 1153 2564 ,

142 2557 328 2640 iortunrique„
343 2561 450 2619 ¹.‘'I'um
479 2561 543 2620 verd
567 2565 648 2640 egel?
673 2563 772 2638 inquit,
792 2563 1012 2642 “nequidquam
1040 2563 1096 2624 hae

140 2637 160 2670 “
172 2638 271 2696 dextris
298 2639 477 2716 Capitolium
493 2659 643 2718 arcemque
666 2641 841 2711 servaverim·
861 2644 885 2700 si
905 2643 997 2702 eirem
1018 2661 1096 2709 eom·

141 2717 160 2750 “
171 2717 383 2795 militonemque
407 2733 511 2788 meum,
534 2717 674 2796 tamquam
689 2722 785 2790 Gallis,
797 2721 952 2779 victoribus*
969 2724 1094 2796 dapium,

141 2795 201 2852 “in
217 2799 378 2857 servitutem
400 2817 433 2856 no
448 2799 559 2856 vineuia
580 2799 646 2857 duci
667 2800 805 2868 videam.’'
859 2799 1010 2872 inderem
1032 2813 1095 2858 ere·

108 2873 224 2934 editori
238 2873 448 2954 pairimpop'uio
461 2877 550 2948 solvit,
563 2877 690 2952 iibriqne
704 2889 733 2936 et
746 2897 800 2936 tere
820 2871 967 2936 liberatum
981 2879 1094 2952 emittit,

141 2954 220 3011 Deos
233 2968 316 3030 atque
331 2958 458 3016 homines
480 2957 678 3028 obtestantem,
696 2961 733 3014 ¹'ut
755 2958 793 3012 M.
807 2956 926 3030 Manlio,
950 2955 1092 3016 liberatori

141 3050 202 3105 suo,
223 3035 331 3108 parenti
353 3035 441 3110 piebis
462 3035 609 3103 Romane,
619 3035 892 3112 'gratiemreierant
913 3093 916 3102 ,
946 3037 1093 3112 Aduepius

140 3113 281 3188 extempio
304 3113 334 3171 in
358 3114 556 3172 tumultuosam
577 3115 695 3184 turbam,
716 3114 817 3190 etipse
838 3115 987 3174 tumultum
1008 3125 1094 3194 eu'ge·

143 3189 199 3258 o'et,
220 3193 369 3251 cicatrioes
392 3204 523 3268 acceptas
536 3193 659 3272 Vejenti,
681 3188 937 3269 Gallico,'aliisqt1e
957 3193 1093 3276 deinceps

108 3267 231 3341 rebeliis,
245 3283 397 3344 ostentans.
417 3277 420 3286 '
438 3273 507 3328 “Se
521 3272 697 3337 militantem,
722 3291 752 3329 se
767 3273 960 3331 restituentem
980 3293 1092 3334 eversos

140 3349 161 3382 “
171 3361 300 3425 penatesq'
310 3349 458 3428 multipiici
469 3349 526 3424 jam
541 3362 614 3406 sorte
627 3350 968 3428 exsoluti,‘mergentibus
981 3373 1092 3432 semper

141 3427 273 3487 “sortem
287 3431 387 3500 usuris,
401 3429 531 3492 obrutum
546 3429 650 3487 soenore
664 3447 743 3487 esse:
764 3429 858 3488 ridere
871 3431 974 3504 lucem,
988 3434 1101 3508 sorum·

140 3507 161 3542 “
172 3507 275 3566 uirium
288 3529 346 3576 ora,
359 3508 399 3566 M.
412 3507 512 3576 Manlii
520 3509 621 3584 operi:
646 3508 741 3571 omnia
749 3512 893 3586 parentium
905 3512 1043 3570 beneficia
1054 3511 1089 3568 ab

139 3588 160 3622 “
171 3586 262 3654 iilose
277 3583 395 3662 habeie:
417 3587 455 3652 iiii
470 3588 605 3646 devovere
619 3588 742 3664 eorporis
763 3589 880 3665 vitaeque
894 3611 928 3650 ao
941 3589 1089 3665 sanguinis

107 3668 159 3741 ηιξ
169 3667 245 3741 quod
259 3667 386 3742 supersit.
426 3667 635 3742 Quodcumque
662 3668 811 3749 sibisoum'
827 3671 925 3746 petrizi,
939 3667 1089 3745 penatibus
1165 3725 1168 3735 ,

140 3747 159 3781 “
169 3745 291 3820 publicis
304 3763 338 3802 no
352 3746 474 3822 privatis,
486 3747 556 3824 juris
570 3746 704 3814 fuerit‚.id
719 3767 786 3810 oum
800 3757 855 3806 urio
869 3749 982 3806 homine
995 3747 1085 3804 esse.’'

142 3825 196 3884 His
208 3823 325 3883 vooibus
341 3825 473 3903 instincta
485 3825 582 3901 piebes
595 3827 680 3902 quum
699 3821 855 3903 jsm'“unius
869 3825 990 3886 hominis
1002 3825 1085 3899 esset.

413 3904 468 3962 12·
