2646 4340
465 377 569 428 utana
584 377 639 427 XL.
672 391 802 428 canate.
1059 379 1119 440 273

162 515 301 592 “utrum
317 531 347 582 ut
360 511 501 598 placarem
516 533 554 589 te,
569 522 663 580 danda
676 539 761 597 opera
783 521 843 591 fuit,
868 531 900 591 pt
914 519 997 588 sliam
1013 541 1120 598 quaere·

161 609 249 666 “rem
263 603 454 677 occasionem,
468 602 600 677 quoniam
616 603 702 658 semel
718 619 858 658 venenum
873 602 1055 676 paraveraml
1083 621 1120 659 an

161 690 180 722 ‘⁶
188 684 225 741 ab
239 681 287 742 illo
299 682 419 740 consilio
433 681 508 751 velut
529 681 744 739 transiliendum
766 681 801 738 ad
821 681 896 737 aliud
912 679 973 746 fuit,
995 691 1026 738 ut
1047 680 1121 738 ferro

160 769 228 830 “te,
249 773 278 820 et
296 761 409 837 quidem
431 780 465 831 ep
486 761 541 828 die,
562 779 611 836 per
632 760 757 836 speciem
778 759 993 832 comissationis,
1007 760 1121 817 occide·

137 844 274 900 a“reml
314 839 384 902 Quo
409 840 513 897 deinde
541 839 633 903 modo,
646 840 679 896 'si
705 849 829 896 temeto
851 838 947 896 mortis
967 839 1121 896 credebam

161 928 302 978 “coenam
325 920 445 978 evitdsse
469 937 572 986 meam,
594 937 651 976 non
673 918 829 979 abeodem
850 928 927 975 metu
947 915 1122 976 comissatio·

161 1005 256 1068 “nem
269 995 379 1076 quoqne
393 994 563 1058 evitaturum
577 998 772 1056 existimabam
785 999 797 1054 l
845 1033 854 1048 ·.
963 999 966 1006 '

200 1158 283 1218 xtv.
312 1157 406 1230 “Non
421 1167 532 1225 est-res,
553 1157 609 1232 qud
629 1155 807 1224 erubescam,
828 1167 916 1233 pater,
938 1155 961 1214 si
982 1155 1029 1214 die
1051 1155 1122 1214 festo

162 1238 264 1296 “inter
285 1237 405 1314 aquales
426 1237 546 1312 largiore
568 1235 632 1294 vin'o
651 1255 714 1296 sum
730 1255 814 1292 usus:
847 1247 878 1294 tu
893 1255 1012 1311 quoque,
1027 1235 1120 1306 velim,

129 1323 181 1376 rol*
190 1317 325 1392 inquiras,
339 1317 395 1392 qod
410 1317 517 1383 letitia,
531 1335 587 1392 quo
600 1315 664 1372 lusu
679 1315 753 1390 apud
768 1334 813 1372 me
827 1309 1000 1374 eelebr'etum
1016 1315 1123 1372 hester·

162 1404 258 1454 “num
273 1397 434 1454 convivium
448 1395 493 1461 sit,
514 1395 561 1473 illo
574 1394 659 1452 etiam
686 1396 784 1469 (pravo
797 1394 927 1472 forsitan)
941 1394 1046 1471 gaudio
1060 1413 1123 1470 pro·

161 1476 320 1544 “vehente,
331 1473 405 1550 qund
421 1475 449 1531 in
461 1474 586 1550 juvencli
607 1491 748 1530 armorum
772 1474 929 1538 certamine
941 1493 1006 1549 pars
1026 1483 1123 1531 nostra

162 1561 246 1612 “non
262 1555 377 1612 inferior
398 1545 510 1621 fuerat.'⁴
539 1553 657 1616 Miseria
674 1553 735 1610 haec
753 1563 782 1610 et
802 1563 895 1610 metus
915 1552 1058 1628 crapulam
1083 1552 1123 1610 fa·

153 1632 246 1691 “cite
260 1645 466 1714 excusserunt.;
494 1652 556 1709 quse
570 1633 594 1690 si
615 1629 672 1690 iton
694 1633 921 1700 intervenissent,
944 1632 1122 1704 insidiatores

128 1719 242 1773 15“n0s
268 1714 349 1788 sopiti
374 1713 543 1790 jaceremus.
595 1712 626 1769 Si
648 1713 763 1768 rbrnum
791 1719 869 1769 tuam'
896 1721 1121 1787 expugnaturus,

162 1797 271 1868 “capta
285 1793 376 1862 dorna,
400 1792 544 1849 dominum
568 1790 767 1848 interfecturus
784 1792 870 1862 eram,
892 1811 949 1848 non
971 1793 1122 1866 temperas-

162 1878 182 1912 ‘⁶
191 1891 249 1928 sem
264 1873 329 1930 vino
344 1873 372 1928 in
388 1891 475 1928 unum
490 1871 588 1928 dicml
618 1889 676 1926 non
692 1867 794 1927 milites
808 1871 1005 1931 abstinuissem
1021 1870 1122 1927 meosl

162 1959 182 1990 “
192 1951 238 2018 Et,
254 1969 290 2008 ne
304 1965 358 2031 e'go
372 1969 417 2006 me
431 1944 610 2008 solusnimift
624 1948 804 2024 simplicitate
825 1961 913 2018 tuear,
938 1950 997 2024 ipse
1011 1967 1122 2024 quoque

163 2030 308 2087 “minime
323 2030 412 2086 malus
422 2048 460 2090 sc
479 2029 613 2106 'suspicax
635 2028 731 2102 frater,
754 2027 853 2088 ‘Nihil
878 2028 954 2085 aliud
979 2027 1059 2105 scio,’
1082 2028 1123 2084 in·

127 2129 153 2172 so
163 2116 182 2148 “
191 2109 260 2186 quit,
282 2109 371 2166 ‘nibil
394 2127 490 2185 arguo,
506 2109 559 2180 nisi
574 2105 647 2183 qutd
662 2125 727 2164 cum
748 2107 823 2164 ferro
837 2107 1018 2165 comissatum
1039 2125 1123 2164 sene-

162 2189 293 2246 “truntss
335 2189 366 2246 Si
385 2207 521 2264 quaeramt
545 2189 620 2252 undo
642 2187 669 2244 id
692 2187 782 2262 ipsum
804 2181 916 2254 scieris„
930 2205 1052 2244 'neccsse
1069 2186 1123 2243 erit

162 2273 219 2325 “te
234 2267 324 2336 fateri,
339 2281 387 2325 aut
401 2267 608 2342 'speculatorum
631 2281 742 2324 tuorum
757 2266 876 2342 ‘plenam
898 2267 1013 2324 domum
1035 2265 1122 2323 fuisse

162 2351 366 2419 “meamaut
393 2347 454 2404 illos
482 2345 520 2422 ittt¹
541 2351 637 2421 aperte
660 2347 813 2421 sumpsisse
835 2345 949 2418 ferrum,
971 2357 1002 2403 ut
1022 2363 1123 2403 omnes

116 2427 119 2435 ’
153 2421 182 2466 ’“
192 2427 329 2484 siderent.
371 2426 417 2496 Et,
432 2426 550 2501 nequid
566 2427 624 2500 ipse
639 2437 688 2482 aut
699 2424 779 2500 prius
800 2425 959 2500 inquisisse,
974 2436 1024 2484 aut
1044 2444 1123 2482 nunc

127 2506 342 2564 at‘tcriminose
365 2505 555 2581 argumentari
571 2505 721 2577 rideretur,
744 2515 772 2562 te
793 2524 918 2580 quarere
929 2525 977 2564 ·ex
991 2505 1035 2576 iis,
1053 2521 1123 2579 quos

162 2591 182 2626 ‘⁵
192 2585 375 2657 nominasset,
387 2584 518 2661 jubebar,
530 2603 565 2641 an
590 2584 692 2642 ferrum
714 2585 896 2653 habuissent3
924 2596 964 2650 ut,
979 2595 1122 2658 tamquam

163 2665 220 2722 “in
245 2685 275 2723 re
297 2659 393 2738 d'ublti,
419 2665 556 2742 quum'id
580 2663 730 2738 quteslsses
750 2664 823 2738 quod
846 2663 898 2740 ipsi
921 2663 1053 2729 fatentur,
1073 2679 1123 2737 pro

163 2743 329 2800 “convictis
352 2744 532 2800 haberentur.
580 2739 707 2804 Quintia
732 2742 800 2798 illud
824 2743 909 2817 qn'aeri
935 2743 1028 2818 jubes,
1052 2759 1122 2797 num

135 2847 137 2855 >
162 2823 231 2880 “tui
245 2822 396 2880 occidendi
411 2823 496 2879 causi
520 2813 625 2879 ferrunl
639 2821 833 2895 sumpserintl
862 2821 936 2878 num'
946 2841 990 2878 me
1005 2831 1122 2878 auctore

127 2885 364 2960 at“etscientel
405 2899 472 2958 Hoc
491 2901 569 2959 enirn
594 2901 682 2956 videri
704 2901 753 2970 ris,
772 2919 830 2968 non
844 2900 923 2967 illud,
945 2900 1019 2976 quod
1033 2899 1123 2957 foten-

162 2987 247 3048 “tur,
261 2991 289 3038 et
303 2979 503 3056 paldm.est,et
516 2981 559 3036 sui
574 2999 604 3036 se
617 2979 716 3036 tuendi
742 2983 825 3036 causi
846 2979 999 3054 sumpsisse
1013 2979 1122 3036 dicunt.

163 3059 287 3118 “Recte
302 3075 337 3117 an
353 3079 498 3135 perperam
521 3059 650 3122 fecerint,
676 3059 728 3148 ipsi
753 3060 796 3116 sui
820 3059 885 3116 facti
908 3059 1045 3116 rationem
1060 3057 1123 3114 red-

163 3141 269 3204 }‘dent
311 3138 407 3196 Meam
421 3141 547 3201 eausam,
561 3137 623 3213 quse
639 3138 707 3194 nibil
732 3157 767 3196 eo
791 3138 865 3195 sacto
886 3137 1070 3214 contingitur,
1085 3157 1122 3195 ne

162 3219 340 3278 “miscueris
351 3238 360 3287 ς
387 3230 436 3277 aut
449 3218 569 3293 explica,
584 3219 680 3274 utrum
696 3217 790 3292 aperte
802 3235 837 3274 an
848 3217 920 3274 clam
932 3229 960 3274 te
975 3235 1124 3294 aggressu·

128 3301 213 3357 ss“ri
241 3299 385 3356 fuerimus.
429 3298 460 3354 Si
487 3297 592 3373 opertet
620 3315 670 3354 cur
697 3315 753 3352 non
777 3315 876 3354 omnes
900 3297 1004 3354 ferrum
1023 3295 1122 3354 habui·

163 3380 276 3436 “muel
310 3397 362 3456 cur
374 3387 460 3442 'nemo
474 3389 575 3452 praeter
588 3395 656 3442 eos,
668 3375 715 3449 qni
738 3387 818 3432 tuum
843 3376 1047 3452 speculatorem
1063 3374 1123 3449 pul·

163 3458 310 3516 “sdruntl
338 3457 360 3518 si
375 3457 459 3528 clam,
473 3455 537 3530 quis
547 3455 616 3513 ordo
629 3453 739 3511 consilii
756 3453 829 3512 suirt
871 3455 1008 3514 convivio
1021 3453 1122 3525 soluto,

164 3547 278 3612 “quum
300 3537 465 3595 comissator
485 3553 539 3610 ego
560 3534 765 3605 discessissem,
789 3545 908 3609 quatuor
922 3533 1121 3600 substitissent,

164 3624 225 3673 “ut
252 3616 371 3691 sopitum
400 3629 427 3676 te
453 3613 699 3692 aggrederenturl
733 3617 873 3689 quomodo
898 3613 1070 3680 fefellissent,
1092 3621 1122 3669 et

130 3705 184 3754 ⁴⁰⁶⁸
194 3695 289 3760 alieni,
304 3710 332 3752 et
345 3697 411 3769 mei,
425 3707 454 3753 et
466 3693 589 3752 maxime
605 3693 742 3768 suspecti,
752 3693 818 3768 quia
831 3693 914 3770 pauld
933 3689 999 3748 ante
1017 3690 1045 3747 in
1060 3690 1122 3748 rixd

165 3775 325 3833 “fuerantl
360 3776 500 3849 quomodo
524 3786 626 3844 autem,
649 3773 848 3841 trucidatore,
871 3773 922 3846 ipsi
937 3769 1047 3828 evasuri
1063 3769 1122 3826 fue·

165 3862 185 3896 ‘⁶
193 3855 269 3916 riuti
292 3865 410 3932 quatuor
428 3851 530 3932 gladiis
543 3853 706 3910 domustua
719 3853 782 3928 capi
797 3849 993 3927 et‘expugnari
1008 3848 1120 3926 potuitl
