2648 4338
194 343 254 408 m
533 379 535 386 ,
605 339 674 396 nm
689 341 774 438 arva
830 375 832 382 1

198 497 321 548 “nostra
343 485 436 564 placet
459 503 555 576 causa,
574 503 637 554 non
657 485 704 544 alii
725 503 850 562 unquam
870 484 964 550 minda
983 485 1149 564 negligendi

197 568 314 659 “vobis,
318 563 412 658 quam
426 584 486 634 nos,
512 565 540 624 in
566 565 687 638 bostium
711 577 878 641 potestatem
899 577 1055 646 venerunt:
1089 585 1148 626 aon

197 647 301 706 “enim
317 646 345 704 in
360 645 421 704 acie
435 663 484 720 per
501 644 637 702 timorem
659 663 737 702 anna
756 645 945 716 tradidimus:
978 633 1038 712 sed,
1059 663 1148 720 quum

197 737 309 804 “prope
301 725 359 782 ad
375 736 486 782 noctem
500 729 691 814 superstantes
704 723 826 782 cumulis
848 743 985 787 caesorum
999 743 1148 800 corporum

196 805 353 896 “proelium
380 803 606 892 extinxissemus,
627 803 657 860 in
683 814 778 860 eastra
795 803 959 878 recepimus
980 823 1040 861 nos.
1082 803 1186 862 Dicis

196 895 216 926 ‘⁶
225 885 361 959 reliquum
375 902 413 943 ac
423 894 536 940 noctem
552 881 758 972 insequentem,
781 881 846 940 lessi
870 882 965 942 labore
979 901 1014 941 ac
1027 883 1150 942 vulneri-

196 974 215 1002 “
225 965 286 1031 bus,
301 963 404 1053 qallurp
418 981 519 1034 sumas
530 962 620 1019 tutati
663 962 778 1020 Postero
791 962 848 1030 die,
862 981 949 1037 quarn
967 962 1150 1020 circumsessi

195 1044 260 1100 “ab
272 1043 398 1100 exercitu
413 1041 518 1098 victore
532 1041 605 1116 aqua
618 1053 801 1109 arceremur,
811 1060 866 1098 nec
879 1041 957 1101 ulla
929 1061 1006 1124 Jam
1020 1061 1069 1118 per
1082 1061 1151 1100 con·

124 1167 127 1174 .
195 1133 214 1160 ‘⁶
224 1123 308 1180 lertos
323 1123 416 1180 hostes
429 1121 594 1196 erumpendi
609 1139 673 1196 spes
690 1132 775 1188 esset,
795 1140 924 1178 necesse
929 1107 1019 1178 nasas
1033 1121 1150 1196 ducere·

195 1212 295 1272 “mus,
309 1201 514 1278 quinquaginta
528 1200 651 1258 millibus
667 1199 813 1258 hominum
835 1219 871 1258 ex
891 1200 952 1258 acie
973 1189 1070 1260 nustria
1093 1211 1150 1258 tru·
1160 1217 1185 1258 ιι

195 1292 214 1319 “
224 1249 335 1350 oidalis,
353 1279 474 1364 aliquem
488 1299 524 1336 ex
538 1277 684 1342 Cannensi
696 1297 793 1356 pugna
778 1280 966 1340 Romanum
977 1279 1096 1338 militem
1108 1293 1151 1336 r'e·

194 1371 312 1431 “stare
347 1373 406 1418 tum
430 1351 545 1418 demum
567 1358 642 1450 pacti
664 1376 762 1416 sumus
785 1360 915 1448 pretium,
924 1365 990 1434 (ιιιο
1010 1349 1152 1447 redempti

193 1441 447 1502 “dimitteremur
469 1457 555 1509 arma,
569 1438 715 1513 inquibus
736 1438 828 1496 nihil
817 1457 877 1514 Jarn
888 1439 988 1496 auxilii
1001 1441 1071 1505 era't,
1087 1439 1150 1496 hos·

194 1521 243 1578 “ιι
258 1519 433 1580 tradidimus.
477 1484 599 1593 MaJ'tires
612 1536 723 1592 quoque
743 1523 947 1608 acceperamus
967 1537 998 1576 se
1021 1537 1038 1574 a
1059 1517 1179 1575 Gallis

194 1609 213 1637 “
222 1617 290 1658 auro
304 1589 476 1658 redemisse:
497 1607 527 1654 ιιι·
539 1607 631 1672 patres
645 1609 760 1664 vestros,
775 1597 943 1686 asperrimos
959 1597 1022 1657 illos
1033 1591 1068 1656 ad
1082 1611 1150 1654 con·
1159 1613 1186 1672 ιι

193 1678 361 1736 “ditionem
373 1695 460 1752 pacis
481 1675 588 1766 legatos
608 1686 703 1734 tamen
724 1675 897 1750 captivorum
919 1676 1148 1736 redimendorum

192 1756 313 1834 “gratia
328 1753 487 1812 'larentum
502 1753 620 1812 misisse.
664 1754 770 1829 Atqui,
774 1764 803 1812 et
816 1755 852 1812 ad
868 1755 972 1812 Alliam
996 1775 1061 1814 cum
1083 1751 1150 1813 Gal·

193 1835 265 1902 “lis,
280 1835 358 1892 etad
373 1833 543 1892 Heracleam
557 1852 623 1906 cum
639 1833 768 1908 Pyrrho,¹
780 1844 909 1909 utraque
918 1853 975 1892 ιιοιι
996 1849 1054 1892 tam
1067 1834 1185 1892 clade

193 1924 211 1952 “
221 1913 345 1985 infamis,
361 1913 454 2004 qnam
482 1932 585 1988 pavore
606 1932 641 1970 ac
663 1913 737 1989 fuga,
758 1913 954 1990 pugnasuit
980 1905 1149 1972 Cannenses

192 2003 211 2030 “
204 2005 338 2070 ‘campos
359 2011 460 2050 acervi
445 1993 663 2050 'Rornanorum
676 2010 825 2068 corporum
839 2004 958 2070 tegunt:
987 2009 1044 2052 nec'
1055 2013 1150 2069 super·
1138 1987 1185 2052 Ᾱιι

148 2097 152 2106 ι
192 2082 319 2130 “sumus
333 2088 445 2149 pugnae,
461 2071 515 2130 nisi
537 2072 565 2130 in
585 2072 694 2147 quibus
700 2071 877 2154 trucidandis
897 2083 927 2130 et
950 2072 1053 2132 serrum
1068 2083 1100 2130 et
1110 2091 1150 2130 vr

192 2162 266 2210 “res
286 2153 394 2218 hostem
419 2147 593 2208 defecerunt.
642 2151 717 2215 Sunt
737 2147 823 2208 etiam
842 2151 877 2211 de
899 2151 1002 2210 nostris
1025 2151 1149 2242 quidam,
1238 2207 1242 2213 .

191 2232 267 2305 qstui
283 2249 319 2288 ne
334 2231 363 2288 in
385 2230 447 2288 acie
467 2229 581 2304 quidem
603 2229 785 2308 refugerunt:
814 2230 874 2303 sed,
883 2217 1029 2305 praesidio
1043 2231 1150 2288 castris

193 2309 341 2387 “relicti,
351 2329 439 2384 quum
466 2319 558 2366 castra
578 2308 795 2375 traderentur,
788 2328 818 2366 ιιι
830 2320 1004 2399 potestatem
1026 2310 1150 2368 hostium

192 2394 367 2446 “venerunt
424 2387 509 2444 Haud
535 2381 678 2461 equidem
695 2385 780 2444 ullius
810 2387 885 2444 civis
899 2399 928 2445 et
948 2387 1186 2446 commilitonisas

192 2467 338 2525 “fortunae
352 2478 400 2524 aut
421 2457 576 2526 conditioni
591 2464 720 2535 invideo;
751 2479 806 2524 n'ec
818 2466 982 2556 premendo
1003 2467 1088 2524 alium
1103 2485 1150 2526 me

192 2546 352 2604 “extulisse
374 2545 476 2604 aelim:
507 2564 544 2602 ne
558 2545 597 2602 illi
597 2545 739 2636 quidem
751 2543 820 2620 (nisi
844 2545 1020 2620 pernicitatis
1042 2547 1150 2622 pedum

188 2619 250 2684 “et
263 2627 361 2684 cursus
382 2625 494 2700 aliquod
509 2623 654 2717 praemium
669 2617 736 2722 est),
757 2624 805 2700 qui
828 2623 983 2699 plerique'
977 2642 1099 2683 inermes
1112 2645 1151 2684 ex

177 2705 283 2776 d‘acie
299 2704 449 2790 fugientes,
464 2723 521 2762 non
533 2703 619 2797 pride,
633 2701 726 2778 qulam
721 2702 868 2762 Venusiae
880 2702 1067 2775 autCanusii‚
1081 2721 1151 2762 con·

192 2788 212 2822 “
213 2783 362 2854 stiterunt,
376 2803 406 2842 se
421 2783 502 2841 nobis
516 2781 615 2854 merito
639 2773 822 2858 praetulerint,
845 2781 1011 2858 gloriatique
1033 2783 1099 2854 siqt,
1118 2784 1185 2842 iaso

188 2859 252 2921 '“se
274 2863 345 2940 plus,
352 2863 456 2938 quim
472 2863 500 2928 ιιι
522 2862 620 2934 nobis,
635 2859 764 2938 praesidii
776 2861 945 2952 reipublice
963 2881 1035 2924 esse.
1090 2863 1149 2921 Sed

193 2946 212 2979 “
222 2943 277 3000 illis
290 2953 319 3000 et
334 2942 414 2999 bonis
428 2961 462 2998 ao
477 2941 593 2999 fortibus
607 2908 743 2998 inilitibus
757 2941 894 3010 utemini;
925 2953 955 2999 et
968 2941 1050 3002 nobis
1063 2943 1149 3034 etiam

192 3017 444 3112 “promptioribus
450 3041 500 3096 pro
523 3021 622 3096 patriai,
646 3019 720 3096 qudd
745 3020 885 3078 beneficio
906 3032 997 3080 vestro
1011 3021 1149 3097 redempti

193 3103 304 3174 “atque
325 3101 354 3157 in
376 3099 493 3175 patriam
512 3099 639 3156 restituti
654 3099 798 3158 fuerimus.
840 3099 992 3158 Delectum
1014 3099 1149 3158 exomni

102 3181 105 3190 '
193 3182 212 3215 “
221 3189 302 3235 aetate
316 3191 345 3237 et
359 3179 471 3254 fortuna
485 3178 613 3236 habetis.
646 3190 712 3236 ooto
734 3177 823 3238 millia
842 3198 985 3236 servorum
1009 3180 1094 3236 audio
1107 3193 1185 3236 ιιι-ιι

193 3262 212 3294 “
221 3258 308 3314 mari·
330 3277 387 3315 non
402 3259 641 3316 minornumerus
665 3269 759 3316 noster
782 3269 836 3326 est,
859 3278 913 3316 nec
938 3258 1041 3334 majore
1060 3259 1152 3332 pretio'

194 3335 321 3394 “redimi
337 3355 493 3428 possumus,
507 3335 590 3412 qudm
602 3337 631 3394 hi
645 3353 794 3398 emuntur:
822 3357 887 3404 narn
902 3357 925 3394 ιι
919 3336 1082 3394 οοιιιιιιιιιιι
1097 3356 1151 3397 nos

194 3421 213 3455 “
225 3434 290 3473 cum
306 3413 391 3482 illis,
385 3417 514 3492 injuriam
530 3416 636 3478 nomini
662 3417 794 3476 Romano
815 3416 925 3474 faciam.
967 3415 1041 3472 illud
1061 3415 1149 3474 etiam

194 3496 252 3554 “in
273 3493 320 3552 tali
341 3495 460 3552 consilio
480 3491 762 3560 animadvertendum
782 3495 861 3554 vobis
884 3513 1027 3562 censeam,
1049 3493 1149 3554 Patres

193 3578 214 3612 “
223 3572 388 3709 conscripti,
401 3571 438 3648 (si
453 3585 547 3631 tamen
561 3574 687 3630 duriores
697 3591 758 3628 esse
771 3573 860 3630 uelitis
863 3572 953 3662 ,quod
965 3573 1042 3631 nullo
1053 3585 1148 3634 nostro
1157 3589 1183 3630 ιι

121 3654 130 3671 “
195 3655 322 3712 “merito
336 3651 457 3742 faciatis)
473 3653 526 3710 cui,
535 3651 672 3710 noshosti
691 3650 815 3708 relicturi
829 3651 898 3708 sitis.
941 3651 1048 3728 Pyrrho
1064 3654 1148 3720 vide·

194 3733 288 3790 “licet
291 3732 358 3808 ‚qui
376 3729 453 3810 [nos]
470 3731 609 3826 hospitum
625 3749 743 3789 numero
757 3729 856 3801 habuit
874 3707 1009 3823 captivbs,
1034 3753 1070 3791 aa
1086 3734 1148 3792 bar·

194 3813 289 3870 “baro
303 3831 337 3870 ac
354 3811 450 3880 Poeno,
464 3809 512 3886 qui
526 3807 620 3868 utrirm
634 3809 745 3870 avarior
765 3829 802 3870 an
808 3811 960 3871 crudelior
973 3812 1030 3882 sit,
1041 3813 1086 3872 ιιι
1099 3832 1148 3872 ιιι·
