<?xml version="1.0" encoding="UTF-8"?>
<!DOCTYPE html PUBLIC "-//W3C//DTD XHTML 1.0 Transitional//EN"
    "http://www.w3.org/TR/xhtml1/DTD/xhtml1-transitional.dtd">
<html xmlns="http://www.w3.org/1999/xhtml" xml:lang="en" lang="en">
 <head>
  <title>
</title>
<meta http-equiv="Content-Type" content="text/html;charset=utf-8" />
  <meta name='ocr-system' content='tesseract 3.04.00' />
  <meta name='ocr-capabilities' content='ocr_page ocr_carea ocr_par ocr_line ocrx_word'/>
</head>
<body>
  <div class='ocr_page' id='page_1' title='image "./historiarumetse00livygoog_0098.png"; bbox 0 0 2642 4338; ppageno 0'>
   <div class='ocr_carea' id='block_1_1' title="bbox 492 351 1222 418">
    <p class='ocr_par' dir='ltr' id='par_1_1' title="bbox 492 351 1222 418">
     <span class='ocr_line' id='line_1_1' title="bbox 492 351 1222 418; baseline -0.003 -14"><span class='ocrx_word' id='word_1_1' title='bbox 492 351 595 404; x_wconf 81' lang='lat' dir='ltr'>LIBER</span> <span class='ocrx_word' id='word_1_2' title='bbox 611 353 645 402; x_wconf 96' lang='lat' dir='ltr'>ll</span> <span class='ocrx_word' id='word_1_3' title='bbox 677 365 739 403; x_wconf 77' lang='lat' dir='ltr'>car.</span> <span class='ocrx_word' id='word_1_4' title='bbox 751 365 794 402; x_wconf 79' lang='grc' dir='ltr'><strong>ιι..</strong></span> <span class='ocrx_word' id='word_1_5' title='bbox 1015 409 1018 418; x_wconf 31' lang='grc' dir='ltr'>Ι</span> <span class='ocrx_word' id='word_1_6' title='bbox 1076 353 1115 413; x_wconf 77' lang='grc'>79</span> <span class='ocrx_word' id='word_1_7' title='bbox 1220 373 1222 378; x_wconf 96' lang='grc'><strong><em>·</em></strong></span> 
     </span>
    </p>
   </div>
   <div class='ocr_carea' id='block_1_2' title="bbox 100 493 1147 1209">
    <p class='ocr_par' dir='ltr' id='par_1_2' title="bbox 100 493 1147 1209">
     <span class='ocr_line' id='line_1_2' title="bbox 153 493 1115 577; baseline -0.002 -21"><span class='ocrx_word' id='word_1_8' title='bbox 153 498 174 534; x_wconf 83' lang='grc'><strong>“</strong></span> <span class='ocrx_word' id='word_1_9' title='bbox 173 495 252 562; x_wconf 84' lang='lat' dir='ltr'>‘illa</span> <span class='ocrx_word' id='word_1_10' title='bbox 265 495 374 577; x_wconf 81' lang='lat' dir='ltr'>moenia</span> <span class='ocrx_word' id='word_1_11' title='bbox 382 498 482 555; x_wconf 83' lang='lat' dir='ltr'>domus</span> <span class='ocrx_word' id='word_1_12' title='bbox 492 517 527 555; x_wconf 82' lang='lat' dir='ltr'>ao</span> <span class='ocrx_word' id='word_1_13' title='bbox 536 507 651 574; x_wconf 80' lang='lat' dir='ltr'>penates</span> <span class='ocrx_word' id='word_1_14' title='bbox 662 495 717 554; x_wconf 81' lang='lat' dir='ltr'>mei</span> <span class='ocrx_word' id='word_1_15' title='bbox 728 505 794 554; x_wconf 76' lang='lat' dir='ltr'>suut</span> <span class='ocrx_word' id='word_1_16' title='bbox 795 505 911 571; x_wconf 86' lang='lat' dir='ltr'>‚mater‚</span> <span class='ocrx_word' id='word_1_17' title='bbox 919 493 1036 572; x_wconf 66' lang='lat' dir='ltr'>conju»,</span> <span class='ocrx_word' id='word_1_18' title='bbox 1044 494 1115 554; x_wconf 81' lang='lat' dir='ltr'>libe-</span> 
     </span>
     <span class='ocr_line' id='line_1_3' title="bbox 154 567 1114 653; baseline 0 -19"><span class='ocrx_word' id='word_1_19' title='bbox 154 580 175 612; x_wconf 88' lang='lat'><strong><em>“</em></strong></span> <span class='ocrx_word' id='word_1_20' title='bbox 188 567 306 653; x_wconf 86' lang='lat' dir='ltr'>‘rique</span> <span class='ocrx_word' id='word_1_21' title='bbox 312 577 325 634; x_wconf 84' lang='lat' dir='ltr'>l</span> <span class='ocrx_word' id='word_1_22' title='bbox 360 575 445 652; x_wconf 84' lang='lat' dir='ltr'>Ergo,</span> <span class='ocrx_word' id='word_1_23' title='bbox 453 591 569 653; x_wconf 73' lang='lat' dir='ltr'>egomet</span> <span class='ocrx_word' id='word_1_24' title='bbox 579 593 761 652; x_wconf 74' lang='lat' dir='ltr'>peperrssem</span> <span class='ocrx_word' id='word_1_25' title='bbox 770 576 865 634; x_wconf 87' lang='lat' dir='ltr'>Roma</span> <span class='ocrx_word' id='word_1_26' title='bbox 873 595 930 634; x_wconf 88' lang='lat' dir='ltr'>non</span> <span class='ocrx_word' id='word_1_27' title='bbox 938 591 1114 652; x_wconf 76' lang='lat' dir='ltr'>oppugnare-</span> 
     </span>
     <span class='ocr_line' id='line_1_4' title="bbox 152 653 1114 732; baseline -0.002 -18"><span class='ocrx_word' id='word_1_28' title='bbox 152 659 173 694; x_wconf 90' lang='lat'><strong>“</strong></span> <span class='ocrx_word' id='word_1_29' title='bbox 179 667 250 727; x_wconf 90' lang='lat' dir='ltr'>tur;</span> <span class='ocrx_word' id='word_1_30' title='bbox 272 656 327 713; x_wconf 82' lang='lat' dir='ltr'>nist</span> <span class='ocrx_word' id='word_1_31' title='bbox 320 654 430 712; x_wconf 86' lang='lat' dir='ltr'>&#39;filiu&#39;m</span> <span class='ocrx_word' id='word_1_32' title='bbox 445 656 588 722; x_wconf 84' lang='lat' dir='ltr'>haberem,</span> <span class='ocrx_word' id='word_1_33' title='bbox 602 653 711 716; x_wconf 87' lang='lat' dir='ltr'>libera</span> <span class='ocrx_word' id='word_1_34' title='bbox 705 673 733 712; x_wconf 92' lang='lat' dir='ltr'>m</span> <span class='ocrx_word' id='word_1_35' title='bbox 747 655 834 712; x_wconf 76' lang='lat' dir='ltr'>libera</span> <span class='ocrx_word' id='word_1_36' title='bbox 847 654 935 732; x_wconf 84' lang='lat' dir='ltr'>patria</span> <span class='ocrx_word' id='word_1_37' title='bbox 949 653 1060 714; x_wconf 76' lang='lat' dir='ltr'>mortua</span> <span class='ocrx_word' id='word_1_38' title='bbox 1071 674 1114 712; x_wconf 82' lang='lat' dir='ltr'>es·</span> 
     </span>
     <span class='ocr_line' id='line_1_5' title="bbox 152 729 1113 823; baseline 0 -30"><span class='ocrx_word' id='word_1_39' title='bbox 152 739 173 773; x_wconf 85' lang='lat'><strong><em>“</em></strong></span> <span class='ocrx_word' id='word_1_40' title='bbox 186 755 258 794; x_wconf 83' lang='lat' dir='ltr'>aem</span> <span class='ocrx_word' id='word_1_41' title='bbox 300 735 359 792; x_wconf 88' lang='lat' dir='ltr'>Sed</span> <span class='ocrx_word' id='word_1_42' title='bbox 380 729 434 812; x_wconf 80' lang='lat' dir='ltr'>e&#39;go</span> <span class='ocrx_word' id='word_1_43' title='bbox 454 733 546 794; x_wconf 84' lang='lat' dir='ltr'>nihil&#39;</span> <span class='ocrx_word' id='word_1_44' title='bbox 536 751 594 810; x_wconf 76' lang='lat' dir='ltr'>jam</span> <span class='ocrx_word' id='word_1_45' title='bbox 609 733 677 823; x_wconf 80' lang='lat' dir='ltr'>pati,</span> <span class='ocrx_word' id='word_1_46' title='bbox 690 752 745 792; x_wconf 82' lang='lat' dir='ltr'>neu</span> <span class='ocrx_word' id='word_1_47' title='bbox 758 733 809 791; x_wconf 91' lang='lat' dir='ltr'>tibi</span> <span class='ocrx_word' id='word_1_48' title='bbox 822 733 932 810; x_wconf 79' lang='lat' dir='ltr'><strong>turpius</strong></span> <span class='ocrx_word' id='word_1_49' title='bbox 944 734 1029 810; x_wconf 79' lang='lat' dir='ltr'>quim</span> <span class='ocrx_word' id='word_1_50' title='bbox 1044 735 1113 794; x_wconf 88' lang='lat' dir='ltr'>milri</span> 
     </span>
     <span class='ocr_line' id='line_1_6' title="bbox 131 810 1114 890; baseline 0.002 -20"><span class='ocrx_word' id='word_1_51' title='bbox 131 819 173 870; x_wconf 57' lang='grc' dir='ltr'>κ(</span> <span class='ocrx_word' id='word_1_52' title='bbox 186 814 327 881; x_wconf 58' lang='lat' dir='ltr'>miserius„</span> <span class='ocrx_word' id='word_1_53' title='bbox 341 829 473 890; x_wconf 81' lang='lat' dir='ltr'>passum:</span> <span class='ocrx_word' id='word_1_54' title='bbox 495 833 560 880; x_wconf 79' lang='lat' dir='ltr'>nec,</span> <span class='ocrx_word' id='word_1_55' title='bbox 575 824 606 870; x_wconf 90' lang='lat' dir='ltr'>ut</span> <span class='ocrx_word' id='word_1_56' title='bbox 619 813 671 880; x_wconf 83' lang='lat' dir='ltr'>aim</span> <span class='ocrx_word' id='word_1_57' title='bbox 686 812 852 882; x_wconf 75' lang='lat' dir='ltr'>miserrima,</span> <span class='ocrx_word' id='word_1_58' title='bbox 871 812 920 870; x_wconf 90' lang='lat' dir='ltr'>diu</span> <span class='ocrx_word' id='word_1_59' title='bbox 935 810 1028 872; x_wconf 87' lang='lat' dir='ltr'>sutura</span> <span class='ocrx_word' id='word_1_60' title='bbox 1041 823 1114 872; x_wconf 82' lang='lat' dir='ltr'>aum.</span> 
     </span>
     <span class='ocr_line' id='line_1_7' title="bbox 154 892 1115 968; baseline -0.002 -14"><span class='ocrx_word' id='word_1_61' title='bbox 154 901 176 934; x_wconf 83' lang='lat'>“</span> <span class='ocrx_word' id='word_1_62' title='bbox 189 893 235 954; x_wconf 85' lang='lat' dir='ltr'>De</span> <span class='ocrx_word' id='word_1_63' title='bbox 249 894 294 951; x_wconf 86' lang='lat' dir='ltr'>his</span> <span class='ocrx_word' id='word_1_64' title='bbox 308 893 428 962; x_wconf 60' lang='lat' dir='ltr'>videtin</span> <span class='ocrx_word' id='word_1_65' title='bbox 448 911 529 968; x_wconf 84' lang='lat' dir='ltr'>quos,</span> <span class='ocrx_word' id='word_1_66' title='bbox 544 893 567 950; x_wconf 86' lang='lat' dir='ltr'>ai</span> <span class='ocrx_word' id='word_1_67' title='bbox 577 892 679 968; x_wconf 82' lang='lat' dir='ltr'><strong>pergis,</strong></span> <span class='ocrx_word' id='word_1_68' title='bbox 691 902 739 950; x_wconf 91' lang='lat' dir='ltr'>aut</span> <span class='ocrx_word' id='word_1_69' title='bbox 748 891 988 965; x_wconf 85' lang='lat' dir='ltr'>immaturamora,</span> <span class='ocrx_word' id='word_1_70' title='bbox 997 904 1046 952; x_wconf 92' lang='lat' dir='ltr'>aut</span> <span class='ocrx_word' id='word_1_71' title='bbox 1056 893 1115 952; x_wconf 88' lang='lat' dir='ltr'>lon</span> 
     </span>
     <span class='ocr_line' id='line_1_8' title="bbox 154 970 1115 1051; baseline 0 -21"><span class='ocrx_word' id='word_1_72' title='bbox 154 981 174 1012; x_wconf 75' lang='lat'>‘¹</span> <span class='ocrx_word' id='word_1_73' title='bbox 186 993 224 1051; x_wconf 87' lang='lat' dir='ltr'>ga</span> <span class='ocrx_word' id='word_1_74' title='bbox 237 972 358 1032; x_wconf 79' lang='lat' dir='ltr'>servitus</span> <span class='ocrx_word' id='word_1_75' title='bbox 370 973 494 1030; x_wconf 46' lang='lat' dir='ltr'>manet?</span> <span class='ocrx_word' id='word_1_76' title='bbox 525 970 847 1034; x_wconf 82' lang='lat' dir='ltr'>Uxordeindeacliberi</span> <span class='ocrx_word' id='word_1_77' title='bbox 862 971 999 1047; x_wconf 81' lang='lat' dir='ltr'>amplexi</span> <span class='ocrx_word' id='word_1_78' title='bbox 1021 971 1115 1050; x_wconf 81' lang='lat' dir='ltr'>fletus-</span> 
     </span>
     <span class='ocr_line' id='line_1_9' title="bbox 145 1049 1147 1130; baseline 0 -20"><span class='ocrx_word' id='word_1_79' title='bbox 145 1053 211 1130; x_wconf 83' lang='lat' dir='ltr'>&#39;que</span> <span class='ocrx_word' id='word_1_80' title='bbox 225 1053 263 1113; x_wconf 83' lang='lat' dir='ltr'>ab</span> <span class='ocrx_word' id='word_1_81' title='bbox 275 1070 352 1110; x_wconf 87' lang='lat' dir='ltr'>orum</span> <span class='ocrx_word' id='word_1_82' title='bbox 344 1050 447 1110; x_wconf 87' lang='lat' dir='ltr'>turba</span> <span class='ocrx_word' id='word_1_83' title='bbox 461 1051 610 1108; x_wconf 81' lang='lat' dir='ltr'>mulierum</span> <span class='ocrx_word' id='word_1_84' title='bbox 623 1062 711 1117; x_wconf 81' lang='lat' dir='ltr'>ortua,</span> <span class='ocrx_word' id='word_1_85' title='bbox 722 1060 750 1108; x_wconf 89' lang='lat' dir='ltr'>et</span> <span class='ocrx_word' id='word_1_86' title='bbox 760 1049 993 1126; x_wconf 76' lang='lat' dir='ltr'>comploratioaui</span> <span class='ocrx_word' id='word_1_87' title='bbox 1007 1053 1116 1128; x_wconf 82' lang='lat' dir='ltr'>patriae·</span> <span class='ocrx_word' id='word_1_88' title='bbox 1144 1087 1147 1094; x_wconf 91' lang='lat'>·</span> 
     </span>
     <span class='ocr_line' id='line_1_10' title="bbox 100 1129 1114 1209; baseline 0 -19"><span class='ocrx_word' id='word_1_89' title='bbox 100 1173 103 1180; x_wconf 79' lang='lat'>·</span> <span class='ocrx_word' id='word_1_90' title='bbox 153 1151 222 1209; x_wconf 89' lang='lat' dir='ltr'>que,</span> <span class='ocrx_word' id='word_1_91' title='bbox 238 1131 349 1208; x_wconf 69' lang='lat' dir='ltr'>fregere</span> <span class='ocrx_word' id='word_1_92' title='bbox 363 1130 522 1188; x_wconf 90' lang='lat' dir='ltr'>taudem</span> <span class='ocrx_word' id='word_1_93' title='bbox 497 1147 604 1188; x_wconf 80' lang='lat' dir='ltr'>virum:</span> <span class='ocrx_word' id='word_1_94' title='bbox 625 1129 790 1206; x_wconf 79' lang='lat' dir='ltr'>complexus</span> <span class='ocrx_word' id='word_1_95' title='bbox 810 1129 876 1188; x_wconf 87' lang='lat' dir='ltr'>inde</span> <span class='ocrx_word' id='word_1_96' title='bbox 897 1148 962 1187; x_wconf 80' lang='lat' dir='ltr'>auos</span> <span class='ocrx_word' id='word_1_97' title='bbox 982 1131 1114 1192; x_wconf 77' lang='lat' dir='ltr'>dimittit:</span> 
     </span>
    </p>
   </div>
   <div class='ocr_carea' id='block_1_3' title="bbox 18 1205 1103 1296">
    <p class='ocr_par' dir='ltr' id='par_1_3' title="bbox 18 1205 1103 1296">
     <span class='ocr_line' id='line_1_11' title="bbox 18 1205 1103 1296; baseline 0.005 -32"><span class='ocrx_word' id='word_1_98' title='bbox 18 1275 19 1296; x_wconf 14' lang='grc' dir='ltr'><strong>χ</strong></span> <span class='ocrx_word' id='word_1_99' title='bbox 121 1213 223 1290; x_wconf 76' lang='lat' dir='ltr'>tuipse</span> <span class='ocrx_word' id='word_1_100' title='bbox 232 1221 306 1276; x_wconf 79' lang='lat' dir='ltr'>retro</span> <span class='ocrx_word' id='word_1_101' title='bbox 320 1209 355 1266; x_wconf 87' lang='lat' dir='ltr'>ab</span> <span class='ocrx_word' id='word_1_102' title='bbox 368 1209 445 1268; x_wconf 86' lang='lat' dir='ltr'>Urbe</span> <span class='ocrx_word' id='word_1_103' title='bbox 468 1205 565 1268; x_wconf 70' lang='lat' dir='ltr'>aaatra</span> <span class='ocrx_word' id='word_1_104' title='bbox 573 1209 667 1269; x_wconf 82' lang='lat' dir='ltr'>morit.</span> <span class='ocrx_word' id='word_1_105' title='bbox 696 1207 850 1266; x_wconf 78' lang='lat' dir='ltr'>Abductis</span> <span class='ocrx_word' id='word_1_106' title='bbox 870 1208 975 1266; x_wconf 88' lang='lat' dir='ltr'>deinde</span> <span class='ocrx_word' id='word_1_107' title='bbox 999 1209 1103 1287; x_wconf 81' lang='lat' dir='ltr'>legioni</span> 
     </span>
    </p>
   </div>
   <div class='ocr_carea' id='block_1_4' title="bbox 107 1287 1116 1956">
    <p class='ocr_par' dir='ltr' id='par_1_4' title="bbox 107 1287 1116 1926">
     <span class='ocr_line' id='line_1_12' title="bbox 156 1287 1114 1378; baseline -0.002 -29"><span class='ocrx_word' id='word_1_108' title='bbox 156 1292 211 1349; x_wconf 87' lang='lat' dir='ltr'>bus</span> <span class='ocrx_word' id='word_1_109' title='bbox 224 1309 260 1347; x_wconf 85' lang='lat' dir='ltr'>ex</span> <span class='ocrx_word' id='word_1_110' title='bbox 274 1307 347 1366; x_wconf 82' lang='lat' dir='ltr'>agro</span> <span class='ocrx_word' id='word_1_111' title='bbox 359 1289 496 1359; x_wconf 80' lang='lat' dir='ltr'>Romano,</span> <span class='ocrx_word' id='word_1_112' title='bbox 512 1287 618 1346; x_wconf 88' lang='lat' dir='ltr'>invidia</span> <span class='ocrx_word' id='word_1_113' title='bbox 632 1289 673 1346; x_wconf 88' lang='lat' dir='ltr'>rei</span> <span class='ocrx_word' id='word_1_114' title='bbox 683 1303 848 1378; x_wconf 82' lang='lat' dir='ltr'>oppressum</span> <span class='ocrx_word' id='word_1_115' title='bbox 858 1287 974 1364; x_wconf 84' lang='lat' dir='ltr'>periisse</span> <span class='ocrx_word' id='word_1_116' title='bbox 982 1289 1114 1360; x_wconf 84' lang='lat' dir='ltr'>tradunt;</span> 
     </span>
     <span class='ocr_line' id='line_1_13' title="bbox 156 1333 1116 1458; baseline 0 -31"><span class='ocrx_word' id='word_1_117' title='bbox 156 1371 205 1428; x_wconf 86' lang='lat' dir='ltr'>alii</span> <span class='ocrx_word' id='word_1_118' title='bbox 220 1369 276 1427; x_wconf 91' lang='lat' dir='ltr'>alio</span> <span class='ocrx_word' id='word_1_119' title='bbox 296 1367 361 1426; x_wconf 74' lang='lat' dir='ltr'>leto·</span> <span class='ocrx_word' id='word_1_120' title='bbox 409 1333 496 1444; x_wconf 76' lang='lat' dir='ltr'>Apriri</span> <span class='ocrx_word' id='word_1_121' title='bbox 517 1367 647 1435; x_wconf 87' lang='lat' dir='ltr'>Fabium,</span> <span class='ocrx_word' id='word_1_122' title='bbox 666 1367 749 1444; x_wconf 72' lang='lat' dir='ltr'>longe</span> <span class='ocrx_word' id='word_1_123' title='bbox 773 1366 999 1458; x_wconf 77' lang='lat' dir='ltr'>antiquissimum</span> <span class='ocrx_word' id='word_1_124' title='bbox 1020 1381 1116 1427; x_wconf 81' lang='lat' dir='ltr'>aucto-</span> 
     </span>
     <span class='ocr_line' id='line_1_14' title="bbox 156 1446 1115 1523; baseline -0.001 -16"><span class='ocrx_word' id='word_1_125' title='bbox 156 1469 228 1521; x_wconf 87' lang='lat' dir='ltr'>rem,</span> <span class='ocrx_word' id='word_1_126' title='bbox 254 1447 400 1523; x_wconf 86' lang='lat' dir='ltr'>usquead</span> <span class='ocrx_word' id='word_1_127' title='bbox 421 1458 596 1508; x_wconf 72' lang='lat' dir='ltr'>senectutem</span> <span class='ocrx_word' id='word_1_128' title='bbox 610 1446 718 1518; x_wconf 59' lang='lat' dir='ltr'>vixisse,</span> <span class='ocrx_word' id='word_1_129' title='bbox 731 1447 892 1509; x_wconf 86' lang='lat' dir='ltr'>eumdem</span> <span class='ocrx_word' id='word_1_130' title='bbox 885 1447 1006 1506; x_wconf 80' lang='lat' dir='ltr'>invenio.</span> <span class='ocrx_word' id='word_1_131' title='bbox 1055 1448 1115 1506; x_wconf 82' lang='lat' dir='ltr'>Re·</span> 
     </span>
     <span class='ocr_line' id='line_1_15' title="bbox 157 1527 1114 1602; baseline 0 -16"><span class='ocrx_word' id='word_1_132' title='bbox 157 1529 212 1586; x_wconf 81' lang='lat' dir='ltr'>sert</span> <span class='ocrx_word' id='word_1_133' title='bbox 234 1527 323 1593; x_wconf 72' lang='lat' dir='ltr'>uerte,-</span> <span class='ocrx_word' id='word_1_134' title='bbox 351 1527 425 1584; x_wconf 82' lang='lat' dir='ltr'>hano</span> <span class='ocrx_word' id='word_1_135' title='bbox 448 1543 601 1602; x_wconf 76' lang='lat' dir='ltr'>sepe-eum</span> <span class='ocrx_word' id='word_1_136' title='bbox 614 1528 816 1598; x_wconf 61' lang='lat' dir='ltr'>exantlatum</span> <span class='ocrx_word' id='word_1_137' title='bbox 836 1527 984 1602; x_wconf 72' lang='lat' dir='ltr'>uaurplsse</span> <span class='ocrx_word' id='word_1_138' title='bbox 1003 1545 1114 1600; x_wconf 78' lang='lat' dir='ltr'>uocem,</span> 
     </span>
     <span class='ocr_line' id='line_1_16' title="bbox 157 1604 1114 1674; baseline 0 -10"><span class='ocrx_word' id='word_1_139' title='bbox 157 1613 177 1645; x_wconf 83' lang='lat'>‘&#39;</span> <span class='ocrx_word' id='word_1_140' title='bbox 189 1604 284 1664; x_wconf 79' lang='lat' dir='ltr'>Multti</span> <span class='ocrx_word' id='word_1_141' title='bbox 299 1605 429 1664; x_wconf 85' lang='lat' dir='ltr'>miserius</span> <span class='ocrx_word' id='word_1_142' title='bbox 442 1605 504 1663; x_wconf 82' lang='lat' dir='ltr'>seiri</span> <span class='ocrx_word' id='word_1_143' title='bbox 518 1604 649 1674; x_wconf 84' lang='lat' dir='ltr'>exsilium</span> <span class='ocrx_word' id='word_1_144' title='bbox 661 1623 732 1664; x_wconf 84' lang='lat' dir='ltr'>esse.</span> <span class='ocrx_word' id='word_1_145' title='bbox 735 1605 754 1638; x_wconf 84' lang='lat'><strong>”</strong></span> <span class='ocrx_word' id='word_1_146' title='bbox 794 1605 862 1664; x_wconf 87' lang='lat' dir='ltr'>Non</span> <span class='ocrx_word' id='word_1_147' title='bbox 875 1605 1038 1666; x_wconf 81' lang='lat' dir='ltr'>inuiderunt</span> <span class='ocrx_word' id='word_1_148' title='bbox 1054 1605 1114 1664; x_wconf 83' lang='lat' dir='ltr'>lau·</span> 
     </span>
     <span class='ocr_line' id='line_1_17' title="bbox 123 1667 1114 1746; baseline 0.003 -5"><span class='ocrx_word' id='word_1_149' title='bbox 123 1703 148 1746; x_wconf 75' lang='grc' dir='ltr'>ιι</span> <span class='ocrx_word' id='word_1_150' title='bbox 156 1687 208 1744; x_wconf 86' lang='lat' dir='ltr'>des</span> <span class='ocrx_word' id='word_1_151' title='bbox 220 1705 286 1744; x_wconf 85' lang='lat' dir='ltr'>suaa</span> <span class='ocrx_word' id='word_1_152' title='bbox 300 1685 510 1744; x_wconf 83' lang='lat' dir='ltr'>mulieribus</span> <span class='ocrx_word' id='word_1_153' title='bbox 486 1685 536 1742; x_wconf 84' lang='lat' dir='ltr'>vrri</span> <span class='ocrx_word' id='word_1_154' title='bbox 558 1667 702 1742; x_wconf 73' lang='lat' dir='ltr'>Romani:</span> <span class='ocrx_word' id='word_1_155' title='bbox 731 1683 847 1744; x_wconf 84' lang='lat' dir='ltr'>adeb</span> <span class='ocrx_word' id='word_1_156' title='bbox 824 1704 886 1744; x_wconf 81' lang='lat' dir='ltr'>ame</span> <span class='ocrx_word' id='word_1_157' title='bbox 907 1685 1114 1746; x_wconf 76' lang='lat' dir='ltr'>obtrectatione</span> 
     </span>
     <span class='ocr_line' id='line_1_18' title="bbox 107 1763 1115 1842; baseline -0.005 -18"><span class='ocrx_word' id='word_1_158' title='bbox 107 1809 110 1814; x_wconf 83' lang='lat'>-</span> <span class='ocrx_word' id='word_1_159' title='bbox 156 1765 255 1842; x_wconf 69' lang='lat' dir='ltr'>gloriar</span> <span class='ocrx_word' id='word_1_160' title='bbox 283 1763 383 1822; x_wconf 84' lang='lat' dir='ltr'>alieuae</span> <span class='ocrx_word' id='word_1_161' title='bbox 409 1764 560 1824; x_wconf 77' lang='lat' dir='ltr'>vivebatur.</span> <span class='ocrx_word' id='word_1_162' title='bbox 614 1763 810 1832; x_wconf 75' lang='lat' dir='ltr'>Monumentb</span> <span class='ocrx_word' id='word_1_163' title='bbox 835 1783 946 1840; x_wconf 89' lang='lat' dir='ltr'>quoque</span> <span class='ocrx_word' id='word_1_164' title='bbox 973 1766 1047 1842; x_wconf 88' lang='lat' dir='ltr'>quod</span> <span class='ocrx_word' id='word_1_165' title='bbox 1071 1783 1115 1822; x_wconf 81' lang='lat' dir='ltr'>es-</span> 
     </span>
     <span class='ocr_line' id='line_1_19' title="bbox 155 1819 1113 1956; baseline 0.001 -54"><span class='ocrx_word' id='word_1_166' title='bbox 155 1856 210 1926; x_wconf 70' lang='lat' dir='ltr'>pet,</span> <span class='ocrx_word' id='word_1_167' title='bbox 233 1836 371 1920; x_wconf 84' lang='lat' dir='ltr'>templum</span> <span class='ocrx_word' id='word_1_168' title='bbox 392 1843 525 1902; x_wconf 77' lang='lat' dir='ltr'>Fortunae</span> <span class='ocrx_word' id='word_1_169' title='bbox 547 1819 681 1956; x_wconf 83' lang='lat' dir='ltr'>Muliebri</span> <span class='ocrx_word' id='word_1_170' title='bbox 705 1843 874 1910; x_wconf 73' lang='lat' dir='ltr'>edificatum</span> <span class='ocrx_word' id='word_1_171' title='bbox 894 1843 1113 1921; x_wconf 76' lang='lat' dir='ltr'>dedicatumque</span> 
     </span>
    </p>
   </div>
   <div class='ocr_carea' id='block_1_5' title="bbox 0 0 1326 4338">
    <p class='ocr_par' dir='ltr' id='par_1_5' title="bbox 0 0 1326 4338">
     <span class='ocr_line' id='line_1_20' title="bbox 0 0 1326 4338; baseline 0 0"><span class='ocrx_word' id='word_1_172' title='bbox 0 0 1326 4338; x_wconf 95' lang='lat' dir='ltr'> </span> 
     </span>
    </p>
   </div>
  </div>
 </body>
</html>
