2648 4338
412 337 415 348 .
508 299 610 352 LIBER
626 299 672 352 lx.
691 315 751 354 ιιι.
763 315 795 352 ιι.
904 345 906 350 ,
1066 307 1167 369 147.

178 442 283 504 “Deos
296 443 518 522 mitigandosque
531 444 659 502 homines
681 443 781 521 potuit,
800 440 885 522 quim
904 445 978 521 quod
992 465 1043 506 nos
1057 446 1123 508 leoi-

179 526 290 581 “musl
331 525 392 582 Res
406 525 525 582 hostium
541 524 571 581 iu
591 523 683 598 prada
706 533 811 598 captas,
825 541 887 598 que
901 523 966 582 belli
982 524 1047 602 jure
1060 545 1124 586 nos·
1170 577 1173 588 .

178 607 256 660 “trae
271 603 445 674 ridebantur,
458 603 633 660 remisimus:
654 607 783 660 auctores
797 601 872 675 belli,
894 603 960 678 quia
977 605 1052 664 vivos
1065 625 1123 664 non

178 685 198 718 “
206 681 356 756 potuimus,
376 681 536 758 perfunctos
552 681 611 758 jam
632 680 689 738 lato
708 680 886 738 dedidimus:
920 673 994 740 boire
1015 703 1123 760 eorum,

154 764 243 816 μοι
275 761 341 836 quid
374 779 410 818 err
438 760 607 836 contagione
638 778 719 818 noxe
753 769 911 818 remaneret
942 779 1029 838 penes
1062 781 1123 830 nos,

177 837 329 896 “Romam
355 840 531 916 portavimus.
584 837 665 900 Quid
693 835 768 896 ιιΙιιὲ4
796 837 856 910 tibi,
885 837 1026 912 Romane,
1056 841 1123 917 quid

177 922 197 954 ‘⁶
206 917 316 990 foederi,
327 917 394 994 quid
409 918 471 975 Diis
484 916 595 975 arbitris
608 917 722 977 foederis
734 916 847 974 debeol
885 915 985 978 Quem
999 919 1050 977 tibi
1063 932 1123 978 tua·

177 1002 267 1054 “rum
282 997 394 1069 irarum,
407 1016 491 1072 quern
512 1013 637 1053 meorum
656 995 855 1072 suppliciorum
875 995 1000 1072 judicem
1025 999 1122 1068 seram,

177 1079 196 1110 “
205 1075 358 1149 neminem,
372 1095 463 1152 neque
476 1067 619 1150 populum,
643 1091 734 1150 neque
747 1074 895 1150 privatum,
910 1075 994 1152 fugio.
1035 1076 1124 1140 Qudd

144 1162 167 1200 ¹⁰
176 1157 196 1189 “
205 1154 228 1211 si
249 1154 319 1212 nihil
339 1173 405 1212 cum
425 1153 579 1230 potentiore
590 1153 661 1230 juris
676 1153 792 1210 humani
809 1153 974 1229 relinquitur
987 1155 1074 1232 inopi,
1095 1168 1123 1215 at

176 1237 258 1308 “ego
273 1233 308 1290 ad
324 1233 400 1291 Deos
413 1233 539 1290 vindices
552 1232 733 1290 intolerandae
744 1232 881 1308 superbie
895 1232 1055 1310 confugiam
1067 1255 1075 1305 ;
1095 1247 1124 1293 et

175 1317 195 1346 “
204 1312 347 1386 precabor,
362 1323 394 1369 ut
407 1312 462 1369 iras
474 1329 539 1368 suas
552 1322 661 1368 vertant
673 1310 703 1368 in
717 1307 782 1384 eos,
806 1311 908 1386 quibus
920 1330 977 1370 non
992 1332 1050 1370 suae
1063 1315 1125 1372 red·

159 1453 160 1460 p
175 1389 269 1447 “dita
282 1409 335 1462 res,
350 1409 406 1448 non
421 1390 519 1447 alienae
543 1389 727 1446 accumulata
748 1389 816 1447 satis
831 1389 905 1460 sint;
937 1409 1054 1466 quorum
1075 1395 1125 1450 sae-

175 1469 299 1526 “vitiam
321 1489 379 1527 non
402 1488 477 1526 mors
502 1468 657 1539 noxiorum,
684 1485 741 1526 non
767 1467 873 1527 deditio
900 1465 1124 1529 erianimatorum

141 1555 164 1594 ¹⁵
175 1553 194 1584 “
204 1567 360 1624 corporum,
374 1567 430 1606 non
445 1548 519 1606 bona
539 1547 685 1623 sequentia
707 1545 813 1604 domini
834 1547 1005 1606 deditionem
1019 1551 1123 1608 exsati-

175 1631 261 1683 “ent
303 1625 412 1684 Placari
425 1637 578 1702 nequeunt,
602 1626 657 1694 nisi
671 1625 857 1684 hauriendum
870 1628 1037 1704 sanguinem
1054 1629 1123 1686 lani·

175 1711 194 1740 ⁸⁴
205 1705 335 1781 andaque
351 1705 459 1764 viscera
471 1715 565 1763 nostra
578 1703 786 1781 praebuerimus.
826 1704 845 1762 J
847 1716 940 1763 ustum
953 1717 996 1764 est
1009 1707 1123 1778 bellum,

173 1789 194 1822 ‘⁶
205 1785 356 1853 Samnites,
367 1785 468 1860 quibus
482 1783 693 1852 necessarium
724 1793 753 1840 et
766 1783 811 1860 pia
824 1802 911 1857 arma,
932 1785 1033 1860 quibus
1046 1785 1124 1844 nulla

173 1863 300 1932 “nisiin
313 1863 397 1920 armis
410 1862 656 1938 relinquitur'spea.
698 1861 827 1933 Proinde,
839 1881 935 1938 <quum
958 1862 1052 1922 rerum¹
1074 1866 1125 1922 hu-

139 1947 352 2000 wl‘manarum
374 1941 530 2002 maximum
551 1951 723 2000 momentum
746 1939 791 2008 sit,
812 1959 895 2016 quarn
916 1942 1041 2018 propitiis
1054 1949 1125 2016 rem,

176 2025 287 2096 “quam
302 2021 425 2078 adversis
446 2029 532 2096 agant
544 2017 616 2086 Diis,
637 2035 687 2096 pro
705 2029 784 2076 certo
804 2019 914 2090 habete,
935 2019 1028 2096 priora
1051 2021 1124 2078 bella

176 2105 196 2136 “
205 2100 340 2157 adversus
351 2099 428 2156 Deos
441 2097 540 2176 magis,
554 2096 639 2174 quam
653 2097 790 2169 homines,
804 2097 942 2174 gessisse3
974 2099 1037 2166 hoc,
1049 2099 1123 2176 quod

176 2183 196 2215 “
205 2179 298 2249 instat,
313 2178 433 2236 ducibus
447 2177 514 2254 ipsis
527 2176 591 2234 Diis
602 2176 760 2253 gesturos.”

216 2335 255 2393 11.
277 2335 360 2404 Hac,
373 2353 433 2392 non
446 2334 509 2392 leta
522 2333 612 2412 magis
625 2334 708 2409 qudm
722 2352 796 2408 vera,
810 2333 985 2406 vaticinatus,
1000 2336 1125 2394 exercitu

141 2415 288 2486 ”educto
313 2415 390 2472 circa
409 2413 550 2472 Caudium
571 2425 672 2479 castra,
699 2411 784 2488 qudm
810 2424 901 2490 potest
923 2414 1123 2484 occultissime,

177 2495 268 2552 locat:
289 2493 356 2551 inde
370 2494 405 2550 ad
419 2492 567 2559 Calatiam,
582 2491 631 2549 ubi
640 2492 698 2568 jam
713 2492 844 2549 consules
863 2491 1009 2550 Romanos
1022 2506 1125 2550 castra·

176 2591 232 2648 que
244 2591 307 2629 esse
327 2571 470 2639 audiebat,
494 2571 597 2628 milites
620 2571 720 2628 decem
741 2582 882 2646 pastorum
908 2572 1004 2633 habitu
1021 2572 1123 2640 mittit;

178 2669 335 2728 pecoraque
349 2649 482 2715 diversos,
497 2649 581 2708 alium
595 2649 670 2719 alibi,
692 2649 766 2706 haud
787 2649 883 2724 procul
907 2650 1044 2706 Romanis
1065 2667 1125 2724 pas-

144 2741 147 2745 “
178 2747 243 2786 cere
253 2729 334 2806 jubet
346 2728 498 2808 praesidiis:
526 2728 575 2784 ubi
599 2727 751 2794 inciderint
765 2728 793 2784 in
807 2727 983 2802 predatores,
992 2740 1029 2798 Ιιιι
1049 2725 1124 2786 idem

144 2807 308 2874 &omnibus
319 2825 410 2864 sermo
422 2815 541 2878 constet,
556 2805 709 2881 “legiones
718 2806 886 2862 Samnitium
897 2807 925 2864 iu
937 2803 1041 2881 Apulis
1051 2825 1123 2872 esse,

179 2885 359 2948 “Luceriam
372 2885 503 2942 omnibus
510 2884 599 2960 copiis
607 2883 814 2941 circumsedere
825 2903 833 2940 ε
847 2903 902 2941 neo
910 2884 1005 2960 procul
1015 2885 1123 2952 abesse.

178 2973 197 3000 ‘⁴
208 2965 277 3040 quin
292 2964 316 3021 ri
331 2963 474 3039 capiant.”
514 2953 579 3020 lam
602 2962 626 3019 is
647 2963 731 3019 etiam
745 2981 838 3021 rumor
852 2962 925 3034 antri,
939 2963 975 3019 de
989 2961 1124 3021 industrnl

177 3043 316 3119 vulgatus,
330 3053 444 3100 venerat
457 3042 492 3099 ad
516 3041 681 3110 Romanos}
713 3041 763 3098 sed
784 3039 869 3098 fidem
892 3043 994 3098 auxere
1012 3043 1124 3118 captivi,

178 3120 213 3178 ed
237 3120 366 3191 niaximd,
389 3119 463 3195 qudd
484 3139 576 3177 sermo
599 3120 671 3176 inter
697 3137 795 3190 omnes
818 3119 999 3195 congruebat.
1039 3120 1125 3178 Haud

145 3208 239 3256 &erat
252 3199 380 3270 dubium,
392 3197 459 3274 quin
474 3198 623 3256 Lucerinis
635 3216 716 3272 opem
731 3197 880 3255 Romanus
894 3197 986 3271 ferret,
1000 3199 1081 3258 bonis
1092 3218 1127 3264 ac

179 3277 310 3335 fidelibus
323 3277 429 3347 sociis:
455 3275 538 3334 simul
552 3295 589 3332 ne
602 3276 707 3352 Apulia
729 3275 825 3352 omnis,
843 3277 878 3333 ad
892 3289 1058 3352 praesentem
1072 3283 1133 3336 ter-'

179 3375 270 3414 rorem
284 3356 435 3414 deficeret:
455 3373 490 3412 ea
503 3351 596 3425 modd,
609 3356 662 3428 qud
677 3353 758 3420 irent,
773 3355 940 3412 consultatio
953 3355 1013 3414 suit.
1054 3357 1125 3414 Due

181 3435 217 3491 ad
231 3434 380 3493 Luceriam
394 3434 521 3491 ferebant
534 3433 602 3501 viae3
624 3431 710 3490 ‘altera
723 3437 912 3508 praeter‘oram
928 3435 1028 3512 Superi
1042 3433 1126 3490 maris

180 3523 280 3590 patens
293 3518 452 3590 apertaque,
467 3512 525 3583 sed,
539 3510 643 3587 quantd
656 3511 750 3582 tutior,
771 3511 850 3570 tantd
865 3512 921 3570 lere
935 3513 1057 3589 longior;
1089 3511 1127 3568 al·

118 3629 121 3636 ·
146 3601 242 3649 ⁴⁰tera
254 3611 303 3667 per
324 3591 462 3650 Furculas
482 3591 627 3649 Caudinas
650 3591 780 3648 brevior(
809 3592 866 3649 Sed
887 3593 926 3650 ita
946 3604 1028 3649 natus
1047 3590 1127 3647 locus

181 3679 241 3728 est:
262 3671 348 3728 saltus
361 3671 417 3728 duo
431 3671 478 3728 alti
492 3671 603 3745 angusti
627 3669 775 3744 silvosique
798 3682 873 3743 sunt,
897 3669 1038 3727 montibus
1051 3668 1127 3726 circel

181 3750 324 3826 perpetuis
337 3749 409 3806 inter
420 3748 449 3807 ιέ
460 3749 569 3826 juncti:
587 3748 663 3825 jacet
676 3748 748 3806 inter
761 3767 809 3806 eos
820 3751 1001 3824 antispatens,
1016 3747 1128 3806 clausus
