2648 4338
21 1019 23 1102 t

462 315 566 372 tumn
581 315 635 368 Vl.-
651 321 766 368 cmxx}
836 307 854 338 ⁴·
1041 317 1106 400 ua¹

143 455 183 522 Q.
194 442 454 530 Publiiiuntribuni
467 461 567 546 piebis,
593 459 704 522 “Quid
729 461 842 519 Petrum
857 471 887 518 et
906 459 997 538 piebis
1009 449 1099 525 corta·

145 543 240 600 “uren
265 537 483 615 fanianuquod
504 539 627 600 civitatis
642 557 709 602 esse
731 540 865 598 adversus
878 559 971 614 ,unum
986 542 1099 618 pestife-

145 623 163 661 “
173 635 236 674 rum
265 615 357 686 civem
378 619 481 678 debeti
515 618 601 680 'Quid
626 633 692 676 oum
713 619 795 696 plebe
817 620 998 696 aggredimur·
1022 639 1098 694 euru,

144 701 260 772 “quem
273 715 323 772 per
337 697 426 774 ᾕρειω
440 697 551 774 plebem
565 697 653 756 tutius
661 697 776 774 aggredi
787 709 840 766 est,
850 710 881 756 ut
891 699 950 757 ruis
958 699 1019 776 ipse
1030 703 1099 758 one'·

124 775 460 844 5“'ratusviribusruati
482 771 565 842 Diem
575 777 706 836 dicerent
715 777 797 834 nobis
808 777 836 834 in
846 779 1098 845 uuinroestrnibil

144 853 268 914 “minda
280 855 415 935 populare
433 854 519 932 qudm
540 875 659 934 regnum
673 867 724 914 est.
762 856 856 914 ¹{timul
880 858 1031 918 multitudo
1051 858 1100 918 illa

143 940 162 974 ‘¹
172 954 231 993 non
245 935 345 996 'secum
359 935 461 994 certari
481 935 611 1008 viderint,
620 981 624 994 r
634 946 663 998 et
685 955 730 994 err.
743 935 886 1013 udv'ocutis
906 937 1018 1013 judices
1032 937 1098 996 uoti
1127 969 1129 976 ·

143 1019 267 1087 ιἒετιιηῐ,
280 1025 310 1074 et
323 1023 502 1074 accusatores
523 1015 559 1072 de
572 1014 665 1092 plebe,
684 1015 833 1091 patricium
852 1035 931 1073 reum
949 1017 1100 1092 intuebuur

143 1099 161 1135 “
172 1106 227 1166 tur,
241 1104 272 1151 et
284 1094 364 1174 regui
377 1095 487 1152 crimen
500 1094 530 1152 iu
544 1095 657 1166 medio;
678 1095 749 1182 nulli
763 1095 863 1171 magis,
877 1095 962 1170 qudnr
975 1095 1099 1156 libertati

21 1169 22 1178 ’
114 1195 135 1238 rt
143 1179 161 1212 “
172 1173 308 1232 favebunt
321 1165 407 1232 sub.''
473 1233 477 1242 ,

180 1331 252 1391 XX.
286 1292 517 1408 dpprobuntibus
528 1289 662 1406 ‘'eunctis,
675 1333 751 1406 diem
765 1332 875 1398 Manlio
888 1305 988 1400 dicunt
998 1335 1100 1410 equod

143 1413 190 1470 nbi
205 1423 249 1470 est
263 1410 484 1490 iactum,·primd
498 1424 640 1472 commota
659 1412 739 1490 plebs
760 1425 812 1486 est,
834 1413 930 1490 utique
954 1415 1100 1488 postquam

143 1491 317 1552 sordidatum
332 1510 410 1554 reum
426 1489 575 1561 viderunt3
603 1510 659 1570 nec
672 1511 739 1549 cum
759 1511 794 1550 eo
816 1499 873 1550 non
888 1489 972 1550 modd
985 1493 1100 1551 Patrurn

143 1589 325 1647 quemquam,
340 1571 390 1628 sed
404 1590 441 1628 ne
455 1583 594 1648 cognatos·
604 1571 718 1646 quidem
732 1571 897 1639 untedium,
911 1569 1052 1648 postremis
1063 1591 1101 1630 ne
1127 1617 1129 1624 a

93 1700 94 1704 ,
116 1651 243 1731 piretro·
256 1641 382 1726 quidem,
397 1651 434 1726 A,
447 1661 477 1708 et
490 1650 528 1709 T.
543 1649 685 1726 Manlios:
719 1651 793 1726 quod
808 1651 843 1710 ad
857 1669 923 1710 eum
937 1651 1014 1708 diem
1027 1661 1101 1710 nuu-

21 1739 22 1748 ’
101 1779 103 1784 ,
143 1749 226 1808 quem
251 1730 458 1805 ususvsuisset,
480 1739 511 1789 ut
534 1731 563 1788 in
584 1740 663 1806 tanto
682 1729 847 1788 discrimine
869 1750 926 1800 non
939 1741 969 1788 et
981 1729 1113 1806 proximi

144 1822 250 1868 restem
264 1811 430 1870 mutaren'tr
447 1810 503 1886 Ap.
518 1809 639 1868 Claudio
654 1809 683 1866 in
697 1798 810 1867 vincula
823 1811 919 1878 ducto,
932 1810 968 1886 ΙΟ.
980 1811 1101 1876 ‘Claudi'-

143 1909 191 1948 um
212 1889 369 1962 inimicum
405 1889 611 1963 Claudiamque
642 1906 756 1968 omnem
789 1900 903 1965 gentem
930 1889 1102 1962 sordidatam

144 1968 248 2028 fuisse:
280 1986 421 2038 consensu
442 1967 562 2044 opprimi
578 1968 749 2042 ,popularem
772 1967 969 2042 virum,·qudd
992 1969 1101 2044 primus

114 2067 166 2111 nrar
185 2048 317 2106 Petribus·
338 2045 375 2105 ad
395 2047 508 2126 plebem
529 2045 689 2104 defecisset.
729 2046 829 2116 Quum
854 2047 914 2104 dies
928 2046 1014 2119 venit,
1028 2065 1100 2122 quur,

143 2128 245 2205 preater
259 2137 349 2184 coetus
363 2126 555 2186 multitudiuis
561 2126 761 2201 seditiosasque
776 2144 867 2196 voces,
882 2136 911 2184 et
923 2125 1101 2202 largitionem

144 2219 173 2266 et
188 2207 273 2266 fallax
287 2205 433 2278 indicium,
448 2205 618 2282 pertinentia
635 2206 750 2281 proprie
766 2205 800 2262 ad
823 2205 902 2280 regui
924 2205 1041 2282 crimen,
1065 2205 1102 2276 ab

145 2285 359 2346 accusatoribus
370 2285 482 2362 objecta
495 2285 552 2362 sint
564 2304 622 2352 reo,
642 2285 716 2360 apud
740 2285 883 2342 neminem
897 2295 1040 2342 auctorem
1059 2285 1103 2342 in·

145 2367 248 2444 venio:
269 2383 325 2422 nec
338 2365 437 2432 dubito
451 2365 525 2427 haud
540 2383 625 2439 parva
638 2363 734 2437 fuisse,
755 2383 840 2440 quum
851 2364 1009 2444 damnandi
1023 2373 1114 2424 mora·

114 2443 225 2523 spteni-
235 2463 295 2502 non
310 2444 338 2501 in
353 2446 447 2516 causi,
461 2443 522 2502 *sed
535 2443 565 2504 iu
579 2443 652 2516 loco,
667 2443 759 2502 fuerit.
800 2443 874 2501 Illud
888 2444 1043 2502 notandum
1057 2436 1103 2502 'ri-

146 2526 237 2596 detur‚
252 2537 284 2582 ut
295 2523 388 2582 sciant
401 2523 540 2590 homines,
554 2535 616 2598 quae
631 2534 659 2580 et
672 2535 777 2598 quauta
790 2524 892 2582 decora
906 2520 981 2580 freda
994 2523 1103 2600 cupidi·
1125 2567 1137 2580 ,

145 2615 189 2662 tas
202 2603 355 2681 regninon
380 2603 490 2679 ingrata
510 2602 613 2674 solum,
637 2603 692 2660 sed
706 2603 799 2660 invise
819 2602 913 2673 etiam,
937 2602 1101 2660 redidderit.

146 2683 288 2750 Homines
299 2683 384 2759 prope
398 2681 619 2761 ‹puadringentos
641 2681 805 2758 pro'dn'xisse
824 2681 938 2753 dicitur,
950 2681 1052 2755 quibus
1066 2680 1102 2738 si-

146 2761 745 2837 nesoenoreexpensespecuniastulisset,
770 2759 888 2836 quorum
902 2761 976 2817 bona
995 2759 1100 2831 venire,
1210 2784 1212 2788 ’

114 2859 216 2918 arquos
230 2840 297 2899 duci
315 2840 443 2898 addictos
466 2839 661 2916 prohibuisset.
704 2839 750 2902 Ad
772 2841 843 2910 brec,
865 2839 969 2896 decora
989 2843 1101 2913 quoque

146 2920 213 2980 beili
228 2939 285 2979 non
306 2919 542 2986 commemordsse
556 2919 678 2994 tantum,
692 2917 747 2976 sed·
757 2918 903 2993 protulisse
925 2917 1010 2976 etiarn
1034 2921 1102 2976 con·

146 2999 313 3078 spicienda3
334 2998 422 3074 spolia
435 2997 556 3056 bostium
570 3016 706 3074 cesorum
730 2997 766 3054 ad
788 2997 913 3073 trigintaf
930 2997 1004 3054 dona
1016 2995 1103 3073 impe-

146 3091 271 3138 ratorum
286 3079 321 3148 ad
335 3075 540 3154 quadraginta;
571 3077 601 3134 in
622 3076 724 3152 quibus
738 3075 864 3152 insignes
886 3076 958 3134 duas
980 3075 1103 3136 murales

147 3173 277 3232 coronas,
291 3157 396 3216 civicas
408 3165 489 3214 octo:
523 3156 558 3214 ad
583 3156 653 3226 haro,
678 3163 801 3214 serratos
824 3174 860 3212 ex
881 3155 1007 3214 hostibus
1025 3156 1103 3214 cives

114 3237 333 3316 enproduxisse3
354 3235 427 3294 inter
440 3253 510 3312 quos
523 3235 556 3292 0.
572 3235 722 3295 Servilium
736 3234 900 3311 magistrum
915 3234 1041 3310 equitum
1054 3233 1103 3312 ab·

140 3327 258 3378 sentem
271 3311 447 3380 nominatum
458 3334 471 3386 ;¹
499 3324 529 3372 et
541 3330 628 3389 quum
652 3331 686 3372 ea
711 3329 829 3389 quoque,
853 3333 915 3388 quo
937 3313 1102 3392 bellogesta

148 3406 253 3468 essent,
275 3415 326 3474 pro
346 3393 465 3472 fastigio
478 3412 572 3456 rerum
592 3392 718 3452 oratioue
739 3393 824 3450 etiam
843 3393 1005 3470 magnifici,
1028 3393 1103 3454 iacta

148 3475 234 3536 dictis
248 3475 394 3551 aequando,
409 3473 600 3545 memordssetj
615 3469 848 3548 nudissepebtus
861 3471 972 3551 insigne
990 3469 1103 3532 cicatri-

148 3555 232 3614 cibus
253 3554 327 3614 bello
350 3554 493 3632 acceptis;
527 3563 556 3612 ct
579 3551 745 3622 identidem,
768 3551 940 3629 Capitolium
960 3552 1102 3628 meciaris,

115 3651 141 3693 n
150 3634 251 3694 Jovem
265 3633 396 3710 Deosque
410 3634 479 3693 alios
492 3633 643 3693 deiecisse
664 3633 701 3692 ad
714 3627 853 3690 arrrilium
870 3632 1045 3706 fortunarum
1056 3647 1104 3688 su·

150 3733 252 3788 arumr
272 3724 456 3806 precatusque
469 3732 542 3780 esse,
556 3719 597 3786 ut,
610 3729 693 3788 qnam
707 3722 831 3781 mentem
843 3711 898 3770 sibi
911 3707 1102 3784 Capitolinam

151 3813 248 3854 arcem
261 3803 421 3872 protegenti
431 3793 469 3852 nd
479 3792 597 3852 sium
610 3789 707 3870 pnpdi
727 3791 855 3858 Romeni
873 3789 1025 3862 dedissent,
1038 3799 1104 3848 earn
