2646 4340
201 305 260 368 aad
591 303 659 354 mm
676 303 762 356 mvn

203 459 280 509 verat
292 459 322 508 et
334 460 431 526 partas
445 446 583 514 inducias,
594 459 627 506 'ct
640 461 717 524 spem
732 447 889 522 foederumr
919 457 1024 530 tamen,
1039 446 1070 528 si
1084 447 1157 506 inte·

202 547 261 605 ger,
282 529 366 604 qudm
381 528 404 585 si
418 527 517 594 vietus,
538 538 647 602 peteret
660 535 767 602 pacem,
782 527 904 603 sequiora
918 525 1058 602 impetrari
1069 546 1156 604 posse

202 620 286 678 ratus,
302 607 433 676 nuntium
457 606 493 664 ad
518 605 681 681 Scipionem
696 606 781 679 misit,
804 617 836 664 ut
859 605 1036 681 colloquendi
1056 626 1155 664 secum

124 744 127 753 ,
201 699 366 762 potestatem
381 685 494 744 luceret.
536 684 570 742 Id
584 684 676 742 utrrim
692 687 743 742 rud
765 697 863 762 sponte
876 685 996 766 lecerit,¹
1016 705 1053 742 an
1066 686 1157 762 publi·

199 785 237 824 co
249 765 377 838 consilio,
391 776 522 824 neutrum
543 783 595 821 cur
615 763 762 832 affirmem,
777 763 875 822 habeo.
917 763 1049 822 Valerius
1074 764 1191 834 Anti-s

201 863 241 917 as,
262 845 357 922 ¹primo
384 843 483 920 proelic
506 843 613 900 victum
640 863 706 901 eunr
728 863 745 900 a
765 843 909 919 Scipione,
923 839 986 920 quo
1005 843 1157 901 duodecim

201 925 289 982 millia
314 934 484 996 armatorum
511 922 540 982 in
561 923 623 980 acie
644 933 712 980 sunt
730 941 814 988 caesa,
837 923 913 980 mille
933 934 963 980 et
982 922 1154 1000 septingenti

201 1003 284 1078 capti,
308 1003 434 1080 legatum
448 1019 514 1060 cum
535 1002 598 1058 aliis
621 1002 722 1059 decem
742 1001 842 1078 legatis
865 1003 949 1059 tradit
962 1003 991 1059 in
1006 1014 1099 1070 castra
1120 1003 1156 1060 ad

201 1082 363 1158 Scipionem
393 1081 512 1138 venisse.
552 1081 719 1140 'ueterum
749 1081 846 1157 Scipio
872 1090 959 1156 quum
986 1080 1155 1156 colloquium

200 1161 274 1218 haud
296 1161 453 1232 abnuisset,
476 1161 559 1222 ambo
583 1179 620 1217 ex
639 1161 794 1236 composito
815 1161 903 1236 duces
923 1169 1017 1217 castra
1037 1160 1191 1236 protulero

199 1251 272 1308 runt,
295 1251 326 1300 ut
346 1239 422 1302 coire
443 1257 479 1300 ex
499 1239 656 1316 propinquo
676 1249 798 1316 possent.
851 1238 947 1314 Scipio
960 1239 1036 1296 haud
1056 1235 1155 1314 procdl

199 1316 366 1396 Naraggarsi
381 1319 459 1390 urbe,
480 1330 540 1376 tum
554 1317 590 1375 ad
610 1330 713 1384 cetera
726 1318 789 1376 loco
809 1319 1059 1394 opportunojtum
1080 1316 1154 1393 quud

199 1397 310 1471 aquatio
324 1398 398 1471 intra
418 1397 466 1456 teli
491 1396 653 1472 conjectum
673 1408 743 1471 erat,
764 1397 902 1456 consedit.
945 1397 1098 1464 Hannibal
1108 1408 1157 1454 'tu-

199 1476 306 1538 muham
316 1495 338 1534 a
350 1490 467 1552 quatuor
481 1477 604 1534 millibus
626 1477 703 1550 inde,
726 1488 821 1534 tutum
839 1477 1075 1551 commodumque
1089 1476 1157 1534 alio-

198 1555 275 1632 quin,
290 1555 345 1613 nisi
359 1551 435 1631 qudd
446 1555 607 1632 longinquae
622 1555 778 1630 aquationis
791 1567 859 1626 erat,
875 1557 960 1630 cepit.
995 1555 1039 1612 Ibi
1053 1555 1083 1612 ln
1094 1571 1157 1612 'me-
1167 1565 1191 1610 ιε

197 1633 246 1770 qleio
259 1633 340 1692 locus
353 1645 523 1711 conspectus
538 1635 671 1710 undique,
684 1653 723 1692 ne
746 1634 814 1709 quid
827 1634 994 1692 insidiarum
1008 1633 1093 1702 esset,
1107 1635 1156 1692 de-

225 1723 297 1772 ctus.
886 1743 888 1754 ι

236 1869 336 1930 XXX.
372 1871 516 1930 Submotis
542 1873 602 1948 pari
629 1871 719 1947 spatio
737 1871 863 1949 armatis,
881 1879 953 1930 'cum
974 1871 1094 1949 singulis
1115 1871 1156 1930 iu·

193 1951 366 2025 terpreribus
389 1951 539 2028 congressi
554 1962 630 2020 sunt,
655 1970 711 2008 non
735 1970 794 2034 suae
821 1950 915 2022 modd
929 1952 1018 2010 aetatis
1039 1951 1154 2008 maximi

197 2029 296 2102 duces,
310 2030 360 2088 sed
373 2031 466 2088 omnis
476 2041 544 2088 ‘ante
558 2049 589 2087 se
614 2031 764 2098 memorie,
785 2031 913 2088 omnium
934 2031 1061 2107 gentium
1076 2030 1190 2094 ouili-m

198 2107 246 2165 bet
266 2129 365 2186 regum
388 2111 621 2186 imperatorumie
642 2129 732 2185 pares.
774 2109 928 2184 Paulisper,
950 2110 1019 2168 alter
1040 2109 1156 2167 alterius

197 2203 363 2263 conspectu,
389 2189 574 2246 admiratione
601 2189 699 2245 mirtuai
722 2188 807 2264 prope
839 2189 961 2262 attoniti,
980 2189 1155 2261 conticuere.

197 2251 275 2324 Turn
292 2267 434 2324 Hannibal
449 2268 533 2343 prior,
555 2277 575 2304 ‘⁴
588 2267 619 2324 Si
634 2268 688 2326 boc
708 2267 751 2325 'ita
767 2267 824 2338 fato
837 2269 934 2326 datum
949 2279 1025 2343 erat,
1045 2280 1086 2340 ut,
1106 2267 1156 2344 qui

193 2351 217 2384 t‘
227 2345 334 2420 primus
348 2345 450 2402 bellum
470 2347 555 2404 intuli
577 2345 679 2422 populo
692 2345 836 2420 Romano,
850 2349 955 2423 quique
968 2349 1052 2406 toties
1065 2343 1154 2423 prope

198 2421 255 2480 “in
277 2419 407 2488 manibus
432 2425 577 2482 victoriam
605 2425 702 2496 habui,
722 2425 747 2482 is
767 2426 840 2485 ultro
867 2429 902 2486 ad
930 2445 1030 2502 pacem
1059 2418 1191 2502 poten-as

198 2509 216 2537 ‘⁴
226 2501 291 2559 dam
307 2503 449 2573 venirem;
479 2503 555 2561 loetor
576 2517 603 2562 te
626 2505 694 2572 milri
716 2517 790 2570 sorte¹
813 2505 987 2581 potissimrim
1008 2505 1118 2573 datum,-
1138 2525 1157 2564 a

197 2587 216 2616 ¹⁸
225 2599 280 2656 quo
293 2592 426 2657 peterem.
468 2581 536 2639 Tibi
550 2599 661 2658 quoque
675 2583 851 2641 inter'multa
864 2585 980 2660 egregia
997 2603 1054 2641 non
1069 2584 1098 2640 in
1114 2585 1158 2646 ul·

197 2660 301 2716 “timis
315 2660 499 2718 laudumhoc
513 2661 611 2729 suerit,
623 2661 826 2730 Hannibalem,
847 2665 894 2721 cui
908 2675 949 2722 tot
962 2663 999 2720 de
1014 2663 1157 2722 Romanis

196 2746 215 2809 ‘f
224 2739 346 2797 ducibus
360 2740 504 2797 victoriam
518 2741 567 2798 Dii
581 2742 735 2808 dedissent,
754 2743 805 2799 tibi
819 2743 955 2813 cessisse;
969 2789 972 2807 ,
987 2753 1071 2817 teque
1086 2743 1154 2800 huic

196 2817 429 2885 “bellatorum
449 2819 526 2894 priris
549 2820 633 2895 quim
654 2817 758 2878 nostris
778 2822 908 2882 cladibus
925 2821 1042 2898 insigni,
1064 2821 1151 2880 linem
1163 2838 1190 2879 aa

158 2963 160 2968 Ι
196 2894 399 2972 “imposuisse
442 2899 507 2956 Hoc
519 2909 629 2974 quoque
643 2899 795 2965 ludibrium
815 2901 899 2959 orsus
919 2901 1040 2959 ediderit
1054 2900 1155 2958 Fortu·

196 2981 215 3010 ‘⁸
223 2991 269 3043 ua,
284 2973 324 3046 ut,
338 2996 423 3052 quum
438 2989 516 3052 patre
530 2989 579 3034 tuo
592 2979 710 3035 consule
731 2981 855 3054 ceperim
864 2982 960 3056 'arma,
972 2999 1038 3038 oum
1052 2980 1154 3038 eodem

193 3053 343 3125 “primurn
359 3055 493 3120 Romano¹
504 3057 670 3132 imperatore
694 3057 776 3132 signa
797 3060 986 3128 contulerim
1008 3059 1049 3116 'ad
1065 3059 1154 3116 lilium

195 3130 285 3204 “ejus
299 3133 415 3191 inermis
428 3136 463 3192 ad
478 3153 577 3209 paoem
596 3136 748 3210 petendam
770 3139 891 3196 reniam.
932 3139 1081 3216 Optimum
1094 3139 1154 3214 qui·

196 3213 214 3244 ⁸⁸
223 3207 288 3264 dem
304 3211 402 3282 fuerat,
426 3227 488 3270 eam
510 3215 635 3288 patribus
656 3216 758 3282 nostr-is
772 3227 896 3278 mentem
917 3219 1012 3276 datam
1033 3217 1069 3284 ab
1087 3217 1189 3276 Dius

195 3292 296 3352 “esse,
317 3301 348 3345 ut
368 3301 397 3347 et
411 3309 459 3348 vos
473 3292 572 3360 lmliae,
594 3304 623 3350 et
644 3313 696 3351 nos
709 3295 816 3354 Africae
831 3297 950 3372 imperio
962 3295 1088 3355 contenti
1109 3315 1156 3354 es-

196 3371 338 3422 “semus:
359 3371 539 3444 nequeenim
555 3381 590 3428 ne
612 3373 690 3430 vobis
711 3375 824 3448 quidem
846 3371 945 3434 Sicilia
958 3369 1155 3440 ¹tao'Sardinia

196 3443 292 3500 “satis
311 3443 399 3519 digna
418 3449 507 3521 pretia
522 3462 594 3507 sunt
614 3469 664 3526 pro
683 3463 724 3510 tot
743 3454 890 3521 classibus,
912 3466 952 3512 tot
965 3453 1152 3524 exercitibus,

196 3527 340 3580 “tottam
361 3527 483 3600 egregiis
503 3529 614 3585 arnissis
637 3530 765 3587 dacibus
821 3534 879 3590 Sed
899 3533 1041 3608 preterita
1061 3535 1153 3610 magis

195 3602 391 3676 “reprehendi
405 3613 528 3677 possunt,
542 3607 752 3683 quimcorrigi.
793 3609 839 3667 Ita
851 3609 942 3668 aliena
954 3613 1151 3688 appetivimus,
1160 3629 1186 3670 υ

195 3684 214 3714 “
223 3688 255 3735 ut
269 3680 306 3736 de
326 3681 427 3738 nostris
440 3682 649 3756 dimicaremus,
663 3703 719 3743 nec
733 3686 763 3744 in
777 3687 859 3762 Italis
882 3690 972 3748 solrim
993 3691 1073 3763 vobis
1093 3692 1152 3750 bel-

195 3755 293 3817 “lum
314 3760 396 3822 nobis
415 3759 444 3816 in
465 3760 669 3834 Asriod·esset;
694 3767 753 3824 scd
779 3778 807 3826 et
827 3787 876 3830 ros
896 3769 926 3830 iu
947 3772 1033 3847 portis
1053 3772 1152 3830 vestm
