2648 4338
203 359 261 422 ιω
542 343 546 424 ξ
601 347 670 408 ’τιτι
686 355 768 408 mvn
810 359 813 366 ·

202 501 298 566 additi
327 499 383 560 slis
396 555 399 566 ,
413 500 603 561 commotioris
620 501 667 558 «sd
692 502 788 560 omnis
811 471 951 571 lurbanda
970 487 1090 562 consilii
1101 497 1156 562 res.

203 579 336 638 Fundum
359 581 387 640 in
412 580 534 656 Vejesti,
565 591 651 656 caput
680 583 843 656 patrimonii
870 583 990 659 subjecit
1009 584 1156 662 preconi:

202 659 222 698 “
232 656 279 718 Ne
293 679 376 735 quern
391 659 542 730 vestrirm,”
557 659 657 734 iuquit,
671 666 689 694 ‘⁸
700 659 841 727 Quiritem
856 663 948 719 donec
958 662 1110 737 ¹quidquam
1125 663 1156 720 iu

202 743 221 776 ‘⁴
232 758 262 798 re
276 740 340 796 med
354 738 501 815 supererit,
513 730 671 815 judicatum
688 726 951 810 addictumve'duci
963 742 1078 816 patisr.‘’
1121 741 1156 798 ld

203 818 268 876 verb
280 819 319 884 its
332 818 464 876 accendit
477 819 596 890 animos,
621 830 652 875 ut
661 817 715 893 per
728 834 812 878 omne
837 820 878 876 les
891 839 930 877 ac
939 819 1019 878 nelss
1032 821 1156 880 secuturi
1178 841 1192 882 ι

203 898 344 956 vindicem
369 897 510 954 libertatis.
529 897 699 954 viderentur.
740 898 786 955 Ad
801 899 863 969 boc,
879 899 964 970 domi,
986 901 1159 957 concionen-

203 978 276 1036 tisin
288 977 413 1043 modurn,
425 993 569 1036 sermones
577 976 652 1051 pleni
662 973 817 1040 criminum,
825 978 854 1034 in
863 973 979 1054 Patres}
994 978 1067 1036 inter
1077 991 1157 1054 quus,

200 1059 300 1132 quum,
327 1055 432 1130 omisso'
451 1055 622 1126 discrimine,
648 1073 713 1114 vers
736 1075 772 1113 an
794 1075 868 1114 vens·
882 1058 999 1133 jaceret,
1020 1058 1160 1116 “thesau-

204 1141 277 1212 ίζιόε
290 1135 393 1193 Gallici
408 1129 468 1196 iun
479 1134 808 1194 occulterisPatribus¹’
821 1136 909 1212 jecit:
932 1139 948 1171 “
958 1156 1013 1194 nec
1024 1137 1159 1214 jam'pus·

204 1221 222 1251 ‘⁴
232 1213 570 1298 sidendispublicisagris
578 1226 726 1284 censentes
737 1233 809 1286 esse,
821 1215 875 1272 nisi
886 1216 1036 1291 pecuniam
1046 1235 1158 1291 quoque
1170 1237 1194 1276 rc

203 1299 221 1330 “
232 1294 374 1370 publicam
389 1304 533 1350 avertente
548 1311 640 1350 eures
652 1292 781 1369 sipsldm
796 1294 853 1368 list,
863 1294 966 1352 exsolvi
981 1295 1091 1370 plebem
1104 1289 1159 1352 rere

170 1393 173 1399 ’
203 1372 444 1452 ’(*ἱιΙιιιιιοροειεΡ
463 1371 540 1443 αρε
549 1372 597 1429 ubi
605 1373 716 1448 objects
726 1391 790 1449 spes
798 1385 851 1445 est,
860 1375 1001 1450 enimvero
1010 1373 1159 1450 indignum

154 1487 157 1492 -
205 1454 315 1516 lucinus
329 1451 526 1526 videripquurn
541 1443 744 1512 conferendum
759 1451 794 1509 sd
808 1453 1003 1518 redimendam
1016 1447 1159 1512 civitst‘em

205 1553 221 1598 ιι
234 1529 324 1590 Gallis
338 1525 437 1614 suturis
451 1529 546 1600 suerit,
559 1523 664 1587 tributo
677 1530 857 1588 collationem
870 1531 973 1610 lactem
985 1551 993 1602 ;
1023 1533 1097 1589 ideur
1112 1551 1161 1589 au·

198 1631 282 1677 trum,
304 1629 340 1668 ex
368 1609 495 1670 hostibus
514 1621 638 1686 ceptum,
660 1610 695 1666 in·
710 1627 865 1685 paucorum
887 1612 1010 1686 praedsm
1030 1612 1159 1669 cessisse.
1171 1632 1195 1671 rs

165 1705 180 1750 ,“
206 1691 309 1765 ltsque'
317 1688 543 1764 exsequebantur
557 1689 718 1762 querendo,
733 1688 780 1746 ubi
794 1685 880 1746 tautae
894 1690 934 1747 rei
949 1689 1051 1754 furtum
1066 1692 1162 1748 occul·

205 1781 325 1838 tercium
360 1767 573 1848 differenteque,
594 1779 622 1825 et
646 1778 770 1844 tempore
792 1787 843 1826 suo
863 1787 894 1826 se
916 1769 1106 1827 indicaturum
1121 1771 1162 1827 di·

104 1900 106 1909 ,
205 1851 297 1919 dente,
311 1847 422 1904 caeterie
434 1846 555 1918 omissis,
569 1844 603 1904 ed
616 1865 702 1904 verse
716 1859 797 1904 eraut
808 1849 934 1905 omnium
950 1855 1044 1917 ουτω
1069 1869 1162 1925 ‚eppa-

205 1929 349 2064 rebstqpe,
363 1945 417 1984 nec
431 1924 602 2004 veri-indicii
616 1927 735 2002 gratiam
756 1927 894 1995 medieni,
904 1946 958 1984 nec
973 1927 1035 1984 falsi
1048 1929 1162 1986 offensi·

204 2027 289 2066 onem
313 2025 371 2065 cre.
677 2027 680 2032 ·
832 2021 835 2028 ’
1169 2026 1197 2067 cc

246 2166 317 2224 XVr
335 2165 380 2224 Its
393 2165 536 2241 suspensis
550 2164 643 2233 rebus,
658 2165 786 2233 dictator,
809 2165 918 2238 accitus
931 2165 967 2222 ab
981 2166 1117 2233 exercitu,
1132 2166 1162 2223 in

206 2245 312 2304 Urbem
327 2245 412 2302 venit.
453 2239 569 2301 Postero
582 2243 629 2301 die
642 2255 742 2301 senatu
767 2245 872 2312 habito,
897 2263 993 2319 quum,
1008 2247 1076 2302 satis
1091 2245 1161 2320 peri·
1197 2315 1199 2320 ,

206 2324 319 2400 clitstus
333 2323 490 2382 vuluntates
505 2323 659 2392 hominum,
684 2320 831 2380 discedere
850 2337 978 2380 senatum
993 2325 1029 2380 ab
1042 2343 1073 2380 se
1086 2327 1164 2382 vetu-⁴

206 2404 283 2472 isset,
297 2403 415 2478 stipatus
429 2407 461 2458 ei
483 2395 672 2469 multitudine,
693 2403 760 2459 selld
783 2403 811 2470 in
833 2403 948 2460 comitio
963 2403 1062 2477 positi,
1077 2403 1163 2461 risto-

207 2501 267 2540 rem
286 2483 323 2539 sd
345 2481 386 2540 M.
409 2479 662 2554 lllanliurn'rbisit;
696 2481 754 2556 qui,
775 2482 919 2539 dictatoris
936 2482 1016 2557 jussu
1038 2493 1198 2554 vocatus,us

207 2580 293 2637 quum
308 2561 494 2638 siguunr‘suis
507 2561 641 2628 dedisset,
656 2561 755 2617 adesse
770 2571 925 2626 certarnen,
940 2560 1052 2636 agmine
1064 2561 1164 2637 ingen·

208 2643 229 2700 ti
250 2641 286 2698 ed
300 2640 522 2698 tribunalreuit
564 2640 642 2698 Hinc
656 2651 781 2711 senatus,
796 2639 863 2696 hinc
878 2639 966 2714 plebs,
991 2658 1073 2696 suurn
1087 2640 1165 2715 quis·

207 2739 262 2797 que
277 2720 421 2778 intuentes
441 2722 554 2784 ducem,
569 2717 643 2776 velut
658 2720 686 2776 in
708 2717 770 2775 scic
785 2717 978 2798 constiterant.
1013 2718 1090 2778 Turn
1105 2719 1165 2775 dic·

209 2812 291 2872 tator,
313 2799 426 2857 silentio
437 2799 529 2870 electe,
551 2797 723 2870 “Utinurnss'
738 2797 839 2873 inquit,
861 2797 961 2855 “milii
976 2793 1163 2873 Patribusque

209 2886 228 2916 ·‘
237 2878 377 2937 Romanis
391 2879 429 2935 its
440 2879 475 2935 de'
490 2877 599 2935 caeteris
612 2879 696 2934 rebus
710 2885 780 2935 cum'
798 2877 879 2954 plebe
894 2877 1054 2943 conveniat,
1068 2895 1198 2952 quem-'su

210 2964 229 2995 ‘⁶
239 2959 390 3016 admodum
414 2957 487 3032 quod
508 2957 543 3013 ud
570 2967 597 3013 te
618 2957 727 3030 attinet,
746 2975 865 3032 esruque
884 2975 955 3043 rem,
968 2961 1060 3032 ⁴quern
1080 2956 1115 3014 de
1136 2967 1163 3013 te

210 3043 299 3096 “sum
314 3036 488 3112 quesiturus,
504 3041 707 3092 conventurum
722 3036 789 3092 setis
802 3035 923 3095 conlido.
961 3033 1049 3111 Spem
1061 3035 1164 3094 sectam

210 3121 256 3172 “a
275 3127 305 3173 te
325 3116 430 3174 civitati
452 3115 542 3187 video,
563 3114 617 3171 lide
644 3114 789 3182 incolumi,
816 3133 853 3171 ex
874 3115 1018 3172 ‘thesauris
1036 3114 1164 3184 Gallicis,

211 3201 310 3268 “quos
329 3194 465 3270 primores
485 3193 598 3252 Petrum
628 3193 783 3260 occultent,
817 3193 957 3251 creditum
977 3193 1046 3251 s'olvi
1073 3211 1163 3267 posse.
1205 3260 1207 3264 y

211 3280 231 3314 ‘⁶
240 3273 296 3332 Cui
308 3267 370 3349 'ego
390 3275 430 3331 rei
445 3273 556 3331 tantum
572 3273 652 3332 dbest
665 3283 696 3330 ut
710 3268 913 3348 impedimento
926 3273 987 3342 sim,
1002 3284 1040 3342 ιιι,
1054 3270 1164 3345 contri,
1174 3291 1199 3342 ss

212 3357 278 3426 “te,
293 3349 334 3409 M.
349 3349 449 3428 Manli,
464 3353 603 3424 adhorter,
618 3352 719 3428 liberes
743 3351 849 3409 loencre
862 3351 972 3427 plebem
988 3351 1164 3420 Romanam

194 3439 198 3453 s
213 3436 233 3473 ‘⁶
241 3443 270 3490 et
284 3431 360 3502 istos,
374 3431 551 3490 incubantes.
562 3431 681 3508 publicis
704 3431 852 3503 thesauris,
874 3449 910 3487 ex
926 3430 1020 3506 praedri
1038 3428 1166 3486 clandes-

214 3511 301 3570 “tint
314 3509 431 3568 evolvas.
472 3510 560 3572 Quod
583 3511 638 3567 nisi
662 3509 740 3579 sacis,
759 3510 823 3566 sive
837 3507 914 3588 ,quud
928 3519 957 3565 et
971 3508 1029 3584 ipse
1044 3507 1075 3564 iu‘
1087 3503 1180 3583 parte'

215 3591 344 3668 “prede
366 3588 412 3659 sis,
434 3588 492 3664 sive
515 3590 581 3665 quis
600 3605 707 3656 vanum·
724 3586 861 3644 iudicium
882 3597 933 3653 est,
953 3586 982 3644 in
1005 3587 1118 3644 vincula
1137 3599 1166 3645 te

155 3722 158 3731 .
216 3669 311 3728 “duci
321 3668 425 3746 jubebo
438 3688 454 3740 3,
477 3687 532 3733 nec
553 3667 658 3724 diutius
672 3665 759 3742 patiar
773 3685 790 3734 ιι
808 3676 835 3724 ts
849 3658 1201 3744 multitudiuemwlallacisd

217 3753 294 3826 “spe
307 3747 473 3808 cuncitnri.”
515 3747 560 3808 nd
575 3765 610 3804 ea
624 3747 756 3816 Manlius,
778 3752 796 3783 ‘⁶
808 3763 863 3803 nec
886 3763 917 3802 se
935 3745 1096 3814 fefellisse‚''
1117 3745 1166 3813 sit,

217 3833 236 3867 “
247 3847 305 3894 non
319 3830 451 3888 adversus
463 3827 581 3885 Volscos
594 3827 678 3885 toties
691 3827 794 3906 hostes,
807 3824 928 3903 *quoties
941 3824 1071 3884 Patribus
1083 3841 1169 3901 expe·
