2646 4340
202 365 263 428 ως)
339 431 341 436 Ι
422 349 426 364 ’
590 359 786 413 mrrarvn-
860 349 863 360 ⁴

204 507 323 584 accepit
364 505 517 582 Nunquam
539 491 588 582 pe'r
608 525 707 564 ornnes
720 507 790 577 dies,
804 521 840 574 er
853 501 908 580 quo
923 504 1073 566 Claudium
1088 523 1158 564 oon·

203 588 293 646 sulem
307 587 463 664 profectum
485 585 560 643 sama
580 581 680 656 attulit,
702 584 818 646 aborto
838 586 897 642 sote
917 586 952 642 ad
967 585 1156 654 occidentem,

203 678 252 725 aut
265 676 376 724 senator
389 665 534 742 quisquam
550 665 659 722 scuria
673 675 755 742 atque
775 665 811 721 ab
826 665 1033 741 magistratibus
1046 663 1157 722 absces-

202 746 249 818 sit,
263 759 312 804 aut
335 743 454 822 populns
472 755 488 801 e
503 744 584 802 form
611 743 759 817 Matronae,
779 743 845 819 quia
866 743 935 804 nihil
958 744 986 801 in
1008 743 1076 820 ipsis
1095 743 1157 824 opis

203 837 276 897 erat,·
290 825 319 882 in
342 831 442 900 proces
455 823 720 898 ‘obtestationesque
741 839 838 896 versaa,'
858 840 908 898 per
921 823 1018 890 omnia
1038 823 1158 898 delubra
1178 833 1193 875 s

203 923 281 982 vagae
303 903 449 980 suppliciis
469 903 594 978 rotisque
616 901 732 979 fatigare
746 901 831 960 Deos.
884 902 960 960 Tam
974 901 1102 960 sollicite
1122 919 1157 960 ac

202 1002 345 1060 suspense
360 981 466 1040 civitati
480 981 555 1038 sama
568 982 677 1038 incerta
699 980 791 1058 primd
802 982 916 1049 accidit,
931 983 1002 1058 duos
1015 980 1158 1039 Namien·

202 1082 247 1122 ses
261 1062 369 1138 equites
400 1061 428 1118 in
460 1071 562 1132 castra,
590 1079 651 1136 que
681 1059 709 1116 in
738 1060 1011 1124 saucibus-Umbriae
1031 1060 1159 1136 opposita

195 1139 295 1214 erant,
306 1141 417 1198 venisse
430 1155 466 1197 ex
477 1139 586 1216 proelio,
600 1139 763 1197 nuntiantes
777 1159 865 1198 caesos
879 1141 981 1200 hostes.
1015 1139 1053 1197 Et
1065 1137 1158 1216 primb

202 1221 293 1297 magis
306 1220 432 1288 auribus,
445 1219 528 1295 quini
543 1217 655 1290 animis,
676 1219 704 1276 id
718 1231 868 1296 acceptum
881 1229 950 1291 erat,
963 1215 995 1277 nt
1008 1218 1103 1295 majus
1112 1218 1159 1276 laa-
1168 1229 1193 1270 tt

202 1299 323 1376 tiusque,
338 1299 422 1376 quim
436 1299 509 1374 quod
525 1309 620 1356 mente
634 1317 746 1374 capere,
761 1310 810 1356 aut
820 1299 887 1356 satis
900 1299 1016 1364 credere
1027 1307 1142 1374 possent
1148 1319 1157 1355 ·.

202 1390 230 1436 et
244 1379 304 1454 ipsa
317 1379 449 1436 celeritas
462 1377 547 1435 fidem
567 1377 745 1454 impediebat,
766 1377 842 1454 qudd
866 1378 952 1436 biduo
965 1378 1035 1436 ante'
1046 1395 1159 1456 pugna·

202 1469 261 1516 tum
275 1457 431 1516 dicebatur.
471 1457 574 1514 Liteiae
588 1457 691 1514 deinde
706 1457 741 1513 ab
752 1456 785 1514 L
802 1458 909 1515 Manlio
924 1457 1049 1515 Acidino
1065 1457 1158 1514 missa

203 1531 238 1595 ex
259 1537 359 1595 castris
372 1536 527 1594 afferuntur
541 1535 577 1592 de
592 1534 796 1616 Narniensium
810 1537 1080 1612 equitum'adrentu.¹
1106 1535 1158 1593 Ee

203 1615 299 1682 litera,
321 1635 370 1694 per
391 1615 537 1686 sorum'ad
558 1614 680 1672 tribunal
701 1615 826 1690 praetoris
839 1617 913 1684 latas,
934 1627 1063 1674 senatum
1078 1615 1194 1673 curtata

136 1753 138 1756 .
175 1749 177 1756 ,
202 1695 367 1753 exciverunt
378 1713 395 1758 a,
419 1702 552 1770 tantoque
573 1693 728 1759 certamine
738 1713 777 1751 ac
790 1695 912 1752 tumultu
924 1693 1020 1772 populi
1034 1695 1069 1752 ad
1085 1694 1159 1753 iores

203 1774 289 1832 curin
303 1791 473 1832 concursum
488 1783 541 1845 est,
553 1784 584 1830 ut
594 1773 672 1830 adire
687 1774 869 1838 nuntius‘non
879 1785 981 1850 posset,
990 1775 1158 1832 traheretur·

202 1871 256 1929 que
271 1871 291 1909 a
301 1847 834 1928 percontantibusuociferantibusque,
848 1863 879 1910 ut
892 1851 926 1926 in
938 1853 1048 1911 Rostris
1067 1853 1158 1930 priris,

202 1933 297 2008 qudm'
311 1932 339 1989 in
361 1941 470 2005 senatu,
492 1931 579 1990 literar
591 1931 795 1993 recitarentur.
836 1932 969 1990 Tandem
988 1933 1109 1993 submoti
1130 1945 1160 1992 et

203 2011 320 2070 coerciti
341 2031 361 2068 a
377 2011 604 2104 magpstratibus:
635 2011 846 2087 dispensarique
860 2011 957 2069 laetitia
977 2012 1049 2070 inter
1067 2007 1193 2088 impoffl‘

203 2101 296 2150 tentes
321 2091 383 2168 ej'us
403 2109 512 2148 anrmos
535 2090 633 2166 potuit.
688 2089 837 2148 In'senatu
850 2089 983 2166 primirm,
1004 2091 1107 2149 deinde
1128 2091 1158 2149 in

203 2170 352 2238 concione,
371 2170 458 2228 literae
483 2171 607 2246 recitatae
631 2179 716 2226 sunt:
754 2181 793 2237 et,
807 2189 856 2246 pro
875 2171 1012 2246 cujusque
1033 2167 1157 2248 ingenio,

203 2249 266 2320 aiiis
276 2249 335 2326 jam
356 2259 464 2306 certum
478 2249 624 2324 gaudium,
639 2247 701 2305 aliis
722 2249 800 2306 nulla
813 2247 878 2309 ante
893 2249 986 2309 sutura
1004 2248 1076 2308 fides
1088 2259 1158 2324 orat,

202 2327 287 2404 quim
302 2329 408 2405 legatos
421 2327 605 2388 consulumve
619 2327 714 2386 literas
728 2329 882 2387 audissent.
1000 2321 1005 2335 ¹

243 2485 292 2544 LI.
314 2485 394 2562 Ipsos
407 2485 512 2556 deinde
526 2485 747 2563 appropinquare
761 2481 868 2562 legatos
881 2485 995 2544 allatum
1012 2497 1070 2545 est:
1098 2497 1194 2564 tum'as

203 2565 452 2642 enimveroomnis
476 2575 543 2623 aetas
566 2583 680 2623 currere
699 2565 784 2636 obvii,
803 2565 911 2642 primus
930 2566 1048 2641 quisque
1067 2567 1160 2625 ocutis

204 2647 373 2722 auribusque
387 2645 499 2703 haurire
512 2646 622 2702 tantuin
636 2645 771 2722 gaudium
780 2644 945 2720 cupientes:
966 2645 1002 2702 ad
1016 2645 1160 2704 Mulvium

204 2745 292 2802 usque
316 2736 428 2802 pontem
450 2724 601 2805 continens
622 2744 725 2802 agmen
745 2723 880 2801 pervenit.
935 2723 1035 2802 Legati
1064 2724 1160 2800 (erant

204 2805 237 2864 L.
254 2805 387 2863 Veturius
401 2803 490 2880 Philo,
505 2803 537 2861 P.
552 2803 682 2862 Licinius
698 2801 851 2877 Va'rus5Q.
866 2803 1000 2862 Caecilius
1011 2803 1157 2884 Metellus)

204 2884 368 2944 circumfusi
382 2883 474 2942 omnis
487 2877 599 2960 poneris
615 2884 764 2942 bominum
778 2883 936 2960 frequentiis
951 2884 985 2948 in¹
994 2884 1084 2942 iorum
1098 2893 1194 2960 per-³0

204 2975 359 3034 venerunt;
380 2982 466 3038 quum
480 2962 526 3020 alii
541 2962 625 3038 ipsos,
639 2963 686 3021 aiii
701 2963 820 3021 comites
836 2983 944 3036 eorum,
957 2981 1021 3039 qum
1040 2973 1104 3022 anta
1116 2983 1160 3021 es·

205 3053 278 3114 sent,
305 3053 554 3118 percontarentur3
585 3052 624 3114 et,
650 3054 682 3114 ut
708 3043 825 3124 quisque
845 3043 982 3111 audierat,
1001 3041 1159 3101 exercitum

205 3121 327 3178 bostium
342 3121 592 3198 imperatoremque
605 3121 742 3189 occisum,
755 3121 884 3198 ¹legiones
894 3122 1040 3180 Romanas
1053 3122 1161 3181 incolu-

206 3217 276 3270 mes,
289 3200 380 3274 salvos
393 3200 524 3258 consules
544 3218 616 3268 esse,
631 3199 771 3276 extemplo
785 3201 847 3258 aliis
867 3221 949 3277 porro
962 3201 1161 3278 impertiebant

206 3278 342 3356 gaudium
366 3299 458 3337 suum.
476 3278 597 3351 „Quum
612 3279 685 3356 aegre*
710 3281 739 3337 in
763 3281 871 3338 curiam
896 3296 1061 3357 perventum
1074 3290 1195 3355 esset*

208 3355 296 3416 multi)
309 3357 412 3432 agrius
425 3356 553 3416 subtnott
567 3359 658 3430 turbis,
677 3378 714 3418 ne
735 3359 864 3418 Patribus
878 3361 1050 3430 misceretur,
1071 3359 1161 3430 literar,

210 3437 239 3494 in
253 3445 351 3493 senatu
367 3437 491 3496 recitate
504 3448 601 3506 sunta·
619 3431 686 3497 iirde
699 3439 828 3516 producti
842 3439 871 3498 in
885 3439 1051 3498 concionem
1064 3437 1159 3516 legati.

210 3515 244 3573 L.
261 3513 402 3584 veturius,
417 3516 504 3574 literis
524 3517 658 3584 recitatis,
679 3518 738 3593 ipse
759 3517 873 3592 planius
887 3516 995 3586 omnia,
1013 3535 1076 3592 que
1097 3529 1161 3578 acta

209 3605 299 3666 erant,
322 3594 449 3670 exposuit
461 3596 527 3652 cu'rn
542 3595 649 3672 ingenti
664 3614 788 3664 assensu,
803 3595 943 3671 postremo
955 3596 1042 3654 etiam
1055 3598 1159 3656 clamo·

209 3691 240 3731 re
262 3673 400 3731 universas
413 3674 567 3744 concionis,
587 3693 673 3748 quum
687 3675 733 3731 vix
752 3675 887 3751 gaudium
901 3675 1004 3733 animis
1017 3687 1159 3754 caperent.
1169 3685 1196 3726 ⁴¹

211 3751 378 3812 Discursum
393 3753 460 3810 inde
472 3751 508 3808 ab
528 3751 682 3820 aliiscirca
693 3754 798 3830 templa
810 3753 913 3822 Debui,
934 3755 966 3814 ut
977 3768 1072 3834 grates
1092 3775 1157 3834 age·

210 3841 293 3901 rent3
326 3831 362 3891 ab
376 3831 438 3891 aliis
450 3832 556 3898 domos.
571 3842 602 3890 ut
622 3824 791 3912 c‘onjugibus
814 3834 965 3912 tiberisque
985 3837 1042 3894 tam
1065 3836 1159 3894 iatum

1303 3909 1305 3938 t
