2648 4340
210 321 251 384 58
608 315 676 365 τιτι
693 313 776 367 mvn

210 465 395 524 impetraverunt
405 462 434 510 ab
445 475 483 516 eo,
495 467 521 513 ut
533 459 666 514 recederet„
692 463 735 505 Iar
744 465 823 516 sgrrrir
832 449 1012 516 primuulauart
1038 464 1073 515 sp.
1081 461 1165 504 ornias

210 524 323 578 aemularis
332 525 387 613 'ff
396 523 479 564 erimine
487 524 593 580 damnatus
599 527 638 580 sut,
648 531 777 584 necatusque.
803 524 876 586 Qppia,
890 524 946 584 virgo
955 521 1058 584 'vestalia
1067 523 1092 564 ob
1101 523 1166 563 inner-

210 575 343 616 tumvrvude
375 581 445 614 nort.
470 573 688 615 Quumvrermlroster
706 575 800 626 Veientes
813 575 931 616 recommedr
948 585 1011 624 magu
1025 575 1084 624 quim
1092 583 1166 623 gravae

210 631 286 675 esseut,
293 623 371 682 familie
379 623 487 662 Fabiorum
494 623 514 661 id
523 621 597 660 bellum
606 623 713 672 gerendum
721 624 837 674 depoposcit
847 637 853 674 3
861 623 955 674 misitque
964 623 984 662 in
993 623 1013 662 id
1022 629 1120 680 trecentoq
1128 633 1166 661 tex

211 681 307 724 umatus,
330 685 350 712 ur
359 673 384 712 ad
393 674 507 712 Cremeram
514 673 539 710 ad
548 683 612 712 unum
618 671 644 711 ab
653 673 743 722 hostibus
748 673 794 712 aeri
802 680 857 723 runt,
866 685 906 712 uno
913 673 1015 722 impubere
1024 672 1077 712 domi
1084 672 1166 710 relicto.

211 725 252 774 Ap.
260 686 358 782 Claudius
371 723 449 772 mucul,
466 723 633 780 quumUadvarrur
648 720 874 782 Volscos'eontumeoii
882 721 984 762 exereitus
994 721 1067 770 mater·
1108 725 1167 760 etum

143 782 146 794 .
178 806 182 835 t
210 773 382 863 strehdecrmugr
389 783 487 866 quemque
496 771 581 811 mrlrtum
591 771 643 810 iltrte
657 779 763 820 pertumu-
789 772 830 812 Iler
844 778 940 822 preterea
953 773 1058 811 adrem
1091 770 1167 820 elmon,

209 835 221 862 s
276 835 333 874 quor,
349 834 360 860 a

409 822 495 910 ⁹³⁰³&
514 827 536 860 st
551 819 658 860 mutuarer
674 821 727 862 inter
744 821 814 862 Prtrsr
837 821 955 872 plebemque
972 820 1069 862 continet.
1104 819 1167 872 [Cer.

212 883 299 914 r-uxr.
324 872 453 914 unw-
497 897 502 910 .
529 871 716 938 medaii-4664

250 1035 274 1094 Ι.
308 1035 418 1094 Lraarrr
437 1035 496 1113 jam
517 1023 701 1112 hine'populi
716 1004 1300 1104 'liuram-mad.

210 1129 313 1193 gestes,
340 1134 450 1173 annuos
476 1114 663 1190 magistratus,
689 1115 739 1194 imp
1019 1167 1022 1172 .
1296 1070 1314 1148 l

210 1193 296 1271 qudm
317 1195 474 1263 hominum,
495 1212 637 1270 peragam.
676 1194 738 1257 Qut

210 1274 330 1351 proximi
343 1274 418 1351 regis
432 1271 563 1350 superbia
576 1271 701 1332 fecerat:
731 1293 742 1332 1

211 1363 243 1412 ut
256 1354 332 1411 haud
346 1352 485 1411 immeriti
498 1370 598 1412 omnes
610 1353 742 1429 deinceps

211 1433 297 1505 urbis,
311 1452 381 1510 quas
394 1445 481 1490 novas
495 1431 547 1506 ipsi
561 1431 643 1489 sedes
664 1432 700 1490 ab
713 1449 743 1488 ss

210 1523 286 1580 runt,
300 1526 501 1569 numerentur:
522 1509 615 1586 neque
627 1505 743 1587 ambigit

211 1601 320 1650 tantum
334 1591 439 1667 glorie,
454 1589 583 1664 Superbo
603 1601 704 1648 exacto
717 1609 743 1648 rr

211 1689 247 1728 eo
260 1671 289 1728 id
303 1670 429 1728 facturus
442 1668 536 1738 suerit,
560 1669 589 1732 si¹
605 1669 741 1744 libertatis

211 1767 273 1807 rum
288 1767 387 1825 regum
401 1747 487 1806 alicui
510 1767 630 1826 regnum
644 1755 742 1806 eitors.

212 1827 274 1900 luit,
297 1828 322 1886 si
345 1827 394 1886 illa
416 1837 559 1904 pastorum
581 1847 742 1886 convenaru

211 1907 271 1967 suis
283 1907 403 1984 populis,
427 1907 481 1964 sub
504 1907 593 1966 tuteli
615 1906 739 1965 inviolati

211 1987 288 2046 certe
301 1986 497 2062 impunitatem
512 1986 621 2064 adepta,
637 1986 728 2044 soluta
743 2007 747 2043 ;

212 2077 287 2124 esset
300 2065 460 2124 tribuniciis
473 2065 604 2142 procellis
616 2085 622 2137 ;
652 2075 681 2124 et
700 2066 730 2145 in

212 2165 306 2204 serere
328 2145 494 2218 certamina,
518 2146 680 2222 priusquam
701 2145 746 2221 pig

206 2243 285 2292 rum,
299 2225 457 2300 caritasque
476 2224 563 2300 ipsius
585 2225 646 2298 soli,
670 2224 718 2282 cui
739 2225 750 2280 l

212 2303 322 2360 animos
335 2321 433 2360 eorum
447 2304 659 2361 consociissetl
699 2303 786 2379 Dis,¹
858 2355 878 2362 ,.
931 2341 1047 2358 m
1064 2339 1173 2360 ms„
1265 2303 1301 2348 .‘

212 2381 356 2440 discordiis
379 2381 486 2452 forent3
517 2401 587 2458 quas
608 2375 676 2440 fovit
696 2382 845 2458 tranquille
865 2380 1020 2439 moderatio
1046 2379 1169 2456 imperii,

212 2459 305 2536 edque
313 2461 465 2518 nutriendo
476 2461 615 2536 perduxit,
625 2473 656 2520 ut
664 2462 766 2518 bonam
781 2460 891 2538 frugem
900 2459 1036 2518 libertatis
1050 2461 1169 2520 maturis

209 2539 269 2618 jam
284 2539 389 2597 viribus
403 2539 474 2598 serre
487 2550 609 2616 possent.
651 2540 803 2598 Libertatis
823 2552 918 2598 autem
941 2539 1079 2615 originem
1101 2539 1204 2601 indeao

213 2619 313 2696 magis,
328 2619 394 2694 quia
408 2637 533 2677 annuum
549 2619 866 2696 imperiumconsnlare
891 2619 997 2678 factum
1015 2630 1068 2688 est,
1082 2617 1168 2694 qudm

212 2697 287 2774 qudd
302 2699 478 2756 deminutum
493 2695 646 2774 quidquam
660 2699 696 2756 sit
716 2714 752 2756 ex
773 2698 851 2775 regia
865 2708 1011 2777 potestate,
1026 2717 1168 2756 numeres.

213 2777 320 2837 Omnia
336 2778 410 2854 jura,
431 2779 527 2836 omnia
555 2777 679 2855 insignia
700 2777 783 2856 primi
802 2777 933 2836 consules
955 2779 1082 2836 tenuere.
1133 2777 1168 2836 Id

212 2857 297 2916 modo
311 2869 426 2916 cautum
440 2868 493 2926 est,
517 2876 564 2926 ne,
586 2858 610 2915 si
624 2857 707 2916 ambo
728 2857 819 2917 fasces
840 2858 988 2929 haberent,
1009 2857 1169 2933 duplicatus

213 2949 302 2996 terror
316 2937 467 2998 videretur.
508 2937 612 2994 Brutus
632 2937 716 3013 prior,
730 2937 908 3002 concedente
932 2936 1052 3012 collega,
1078 2935 1204 2996 lascesas

213 3015 331 3074 habuit:
351 3016 399 3092 qui
414 3036 470 3074 non
485 3016 575 3074 acrior
590 3017 694 3074 vindex
705 3016 841 3074 libertatis
854 3015 955 3083 suerat,
966 3032 1049 3090 quam
1064 3013 1169 3072 deinde

213 3105 309 3153 eustos
323 3095 384 3153 luit.
425 3095 562 3154 Omnium
577 3095 699 3172 primum
712 3096 826 3154 avidum
840 3107 919 3154 novae
932 3094 1068 3154 libertatis
1083 3112 1170 3169 popu·

212 3173 281 3241 lum,
296 3191 333 3231 ne
347 3175 524 3250 postmodum
538 3174 614 3232 il‘eoti
637 3175 769 3252 precibus
792 3186 841 3234 aut
864 3175 948 3232 donis
965 3173 1050 3250 regiis
1063 3184 1166 3248 posset,

210 3251 394 3329 jurejurando
408 3255 512 3332 adegit,
526 3254 670 3312 neminem
684 3255 786 3316 Mine
799 3273 929 3331 passuros
943 3271 1069 3328 regnare.
1110 3249 1169 3308 De-

213 3331 291 3404 inde,
312 3331 368 3406 qud
392 3333 455 3408 plus
476 3335 577 3392 virium
604 3333 634 3393 in
661 3346 761 3392 senatu
783 3333 940 3410 frequentia
962 3332 1046 3388 etiam
1060 3327 1204 3390 ordiniano

214 3410 329 3480 faceret,
352 3413 480 3470 cedibus
498 3413 572 3490 regis
595 3414 772 3472 deminutum
796 3413 909 3470 Petrum
933 3427 1093 3480 numerum,
1114 3409 1169 3484 pri·

213 3489 338 3548 moribus
359 3493 497 3565 equestris
518 3493 621 3568 gradus
643 3492 734 3558 lectis,
759 3492 794 3548 ad
815 3497 1006 3549 trecentorum
1027 3505 1169 3547 summam

214 3569 354 3646 explevit:
375 3571 564 3646 traditumque
578 3571 645 3628 inde
654 3569 750 3643 fertur,
762 3579 793 3630 ut
806 3569 836 3626 in
847 3579 976 3626 senatum
990 3577 1169 3642 vocarentur,

214 3649 263 3724 qui
277 3649 383 3718 Patres,
397 3649 500 3725 quique
514 3649 667 3724 conscripti
690 3659 802 3706 essent:
832 3648 1011 3722 conscriptos,
1025 3645 1168 3716 videlicet,

215 3727 243 3786 in
259 3748 363 3786 novum
376 3739 505 3788 senatum
519 3728 697 3804 appellabant
719 3727 817 3786 lectos.
857 3726 893 3786 Id
915 3726 1018 3784 mirum
1031 3724 1203 3802 quantumst

214 3807 318 3942 Erosuit
332 3809 367 3866 ad
382 3808 564 3868 concordiam
585 3807 722 3887 civitatis,
735 3806 953 3886 iungendosque
967 3805 1099 3864 Patribus
1112 3803 1169 3883 ple·
1310 3867 1311 3908 1

235 3903 259 3944 rs
272 3905 390 3948 auriane.
593 3905 596 3912 ·
1310 3915 1311 3975 q
