2648 4340
171 310 214 376 eo
563 313 732 378 rrrrtrvrr

171 468 216 515 est
229 458 286 516 ita:
307 455 444 534 “Jupiter
458 467 546 533 peter,
560 457 586 516 si
599 469 643 516 est
657 457 707 525 fas,
723 457 932 516 huncNumam
944 457 1122 536 Pompilium,

172 540 190 571 “
202 537 285 613 cujus
297 556 351 614 ego
365 545 450 612 caput
470 547 563 610 teneo,
587 557 683 614 regern
706 537 817 596 Romae·
831 537 902 607 esse,
927 536 968 596 utl
991 549 1021 596 tu
1041 539 1124 614 signa'

171 618 190 651 “
202 615 283 676 nobis
297 626 375 673 certa
389 616 554 672 adclarassis
577 616 650 674 inter
666 635 719 682 ¹eos
742 616 822 684 lines',
836 637 906 692 quos
920 617 1002 674 feci.'’
1044 617 1123 674 Tum
1181 659 1183 663 -

171 695 281 772 peregit
303 695 395 752 verbis
418 692 554 769 auspicia,
580 714 643 770 quae
664 695 736 752 mitti
757 695 857 766 vellet;
891 696 993 772 quibus
1019 697 1122 770 missis,

172 775 332 832 declaratus
345 793 395 832 rex
408 772 505 830 Numa
519 773 554 830 de
568 774 672 850 templo
685 775 842 832 deseendit.

212 931 298 990 XIX.
319 930 391 998 Qui,
405 949 493 1007 regno
507 931 546 989 its
559 932 672 1006 potitus,
697 933 795 990 urbem
815 953 926 1000 noram,
940 935 1084 994 conditam
1098 935 1125 992 vi

172 1023 202 1068 et
214 1031 299 1068 armis
301 1010 383 1086 ,jure
397 1027 460 1066 eam
481 1010 645 1100 legibusque
669 1012 847 1069 semoribus
870 1015 905 1069 de
927 1013 1036 1088 integro
1060 1029 1127 1070 cone

131 1110 133 1114 ·
172 1092 240 1148 dere
253 1099 351 1166 parat:
379 1089 480 1164 quibus
497 1109 596 1164 quum
595 1090 671 1146 inter
685 1091 758 1146 bella
771 1110 934 1148 assuescere
948 1092 1056 1150 videret
1069 1111 1129 1160 non¹

172 1188 262 1244 posse,
277 1169 379 1244 quippe
393 1168 523 1225 efferatos
537 1169 644 1234 militia,
660 1169 785 1238 animos;
806 1157 992 1246 mitigandum
1003 1170 1125 1228 ferocem

173 1249 305 1324 populum
327 1267 467 1312 armorum
492 1247 678 1304 desuetudine
701 1261 787 1314 ratus,
815 1249 919 1306 lanum
941 1249 976 1306 ad
998 1249 1126 1308 infimum
1137 1249 1163 1292 1⁰

175 1327 347 1403 Argiletum,
373 1327 496 1382 indicem
520 1327 599 1401 pacis
617 1326 758 1401 bellique,
783 1327 865 1386 lecit:
900 1340 1012 1408 apertus
1039 1340 1070 1385 ut
1097 1330 1126 1386 in

175 1406 260 1464 armis
274 1423 337 1462 esse
351 1405 503 1478 civitatem,
519 1404 632 1461 clausus
654 1416 769 1480 pacatos
791 1405 869 1463 circs
887 1425 986 1464 omnes
999 1408 1126 1482 populos,

174 1485 356 1560 significaret.
395 1466 446 1540 'Bis
460 1483 563 1540 deinde
577 1494 639 1558 post
659 1483 763 1540 Numae
786 1503 905 1560 regnum
927 1485 1040 1542 clausus
1054 1485 1126 1544 luit:

174 1564 262 1622 semel
276 1563 313 1620 Τ.
329 1563 435 1620 ΜιιιιΙίο
449 1561 574 1628 consule,
590 1574 651 1636 post
674 1563 813 1620 Punicum
834 1564 955 1639 primum
970 1564 1126 1639 perlectum

175 1643 279 1699 bellum
291 1661 299 1711 3
321 1641 423 1698 iterum
440 1639 526 1715 (quod
541 1653 642 1698 nostrae
664 1641 738 1698 aetati
760 1641 808 1698 Dii
822 1641 962 1700 dederunt
975 1653 1007 1700 ut
1019 1644 1127 1700 videre·
1138 1645 1162 1685 ¹⁵

175 1720 253 1800 mus)
267 1731 329 1796 post
343 1719 447 1776 bellum
459 1720 622 1786 Actiacum,
637 1721 673 1776 ab
681 1720 847 1796 imperatore
858 1721 972 1778 Caesare
986 1723 1126 1798 Augusto,

174 1819 245 1875 pace
258 1802 332 1856 terra
345 1799 470 1872 marique
484 1802 571 1874 parta.
612 1799 717 1856 Clauso
731 1819 774 1866 eo,
796 1819 882 1874 quum
903 1801 1028 1858 omnium
1050 1802 1128 1858 circa

176 1879 357 1936 finitimorum
372 1879 506 1936 societate
521 1895 554 1934 sc
569 1877 721 1934 foederibus
733 1878 884 1954 ⁸junxisset
898 1881 1016 1953 animos,
1030 1880 1128 1955 positis
1188 1936 1192 1942 ,

175 1969 355 2016 externorum
370 1957 558 2031 periculorum
572 1957 657 2022 curis,
681 1975 718 2013 ne
739 1957 945 2014 luxuriarentur
959 1959 1015 2014 otio
1030 1959 1126 2026 animi,

175 2056 245 2111 quos
271 2048 362 2092 metus
389 2031 511 2092 hostiu'ru
537 2035 741 2110 disciplinaque
775 2036 902 2094 militaris
927 2032 1106 2094 continuerat
1120 2038 1163 2106 32⁰

98 2175 100 2182 ,
174 2115 301 2174 omnium
323 2115 453 2190 primum,
476 2133 535 2170 rem
563 2115 598 2170 ad
613 2113 822 2173 multitudinem
836 2116 1002 2191 imperitam,
1024 2130 1052 2172 et
1076 2117 1130 2174 illis

179 2194 292 2250 saeculis
306 2194 415 2260 rudem,
430 2193 664 2262 efficacissimam,
680 2193 804 2250 Deorum
823 2206 928 2250 metum
943 2193 1128 2268 injiciendum

178 2283 256 2330 ratus
269 2282 327 2328 est:
349 2273 396 2346 qui
411 2291 496 2346 quum
511 2271 686 2328 descendere
699 2271 734 2330 ad
749 2272 857 2329 animos
871 2273 932 2329 sine
947 2273 1039 2346 aliquo
1053 2291 1130 2332 corn-
1185 2265 1189 2273 ’

178 2362 274 2408 mento
290 2351 418 2408 miraculi
433 2370 490 2407 non
502 2361 604 2426 posset,
613 2350 725 2406 simulat
739 2350 792 2407 sibi
801 2369 866 2407 cum
878 2351 938 2407 Ded
951 2351 1053 2426 Egeria
1063 2371 1130 2409 con·

177 2449 291 2506 gressus
305 2440 459 2486 nocturnos
474 2449 536 2486 esse
545 2447 552 2498 ;
586 2429 647 2504 ejus
668 2448 698 2485 se
722 2429 840 2495 monitu,
855 2449 916 2504 qum
931 2431 1164 2504 acceptissima2⁵

177 2509 240 2566 Diis
252 2519 355 2574 essent,
370 2527 451 2564 sacra
465 2508 627 2576 instituere;
642 2509 802 2566 secerdotes
813 2527 878 2564 suos
889 2509 991 2582 cuique
1004 2511 1129 2566 Deorum

85 2650 86 2654 ,
176 2589 346 2664 praeficeret
357 2587 451 2662 Atque
459 2588 584 2644 omnium
600 2587 731 2662 primum,
741 2588 775 2643 ad
790 2605 904 2644 cursum
919 2587 1002 2653 luna,
1017 2589 1047 2648 iu
1062 2589 1131 2646 duo·

86 2678 88 2682 '
178 2668 271 2724 decim
286 2685 398 2723 menses
412 2666 546 2724 describit
555 2684 677 2722 annum:
691 2684 774 2740 quem
785 2665 994 2741 (quiatricenos
1005 2666 1066 2722 dies
1074 2667 1132 2724 sin·

176 2747 250 2822 gulis
265 2746 409 2803 mensibus
423 2745 490 2801 luna
504 2763 560 2802 uon
573 2743 676 2820 explet,
698 2744 854 2818 desuntque
868 2745 929 2804 dies
943 2745 1030 2802 solido
1044 2765 1129 2816 anno,

177 2825 224 2900 qui
239 2825 376 2882 solstitiali
391 2824 592 2899 circumagitur
605 2823 687 2900 orbe.)
703 2822 916 2882 intercalaribus
930 2824 1075 2882 mensibus
1089 2825 1130 2881 in·
1139 2825 1164 2866 ³⁰

177 2903 369 2980 terponendis‚
379 2902 605 2977 itadispensavit
617 2912 753 2976 utquarto
763 2914 792 2958 et
800 2902 934 2976 vigesimo
943 2921 1018 2959 anno
1028 2903 1064 2960 ad
1073 2923 1131 2962 me·

178 2997 235 3039 tam
250 2983 379 3040 eamdem
391 2982 464 3052 solis
480 2981 556 3038 unde
569 2981 624 3037 orsi
638 2991 740 3046 essent,
753 2981 844 3055 plenis
855 2999 991 3038 annorum
1003 2983 1130 3040 omnium

178 3061 275 3151 spatiis
289 3061 350 3117 dies
363 3071 562 3136 congruerent.
593 3059 674 3116 Idem
688 3059 810 3116 nefastos
824 3060 885 3116 dies
899 3059 1038 3135 fastosque
1053 3061 1128 3128 fecit,

178 3139 245 3216 quia
259 3139 409 3214 aliquando
423 3139 492 3196 nihil
507 3157 573 3196 cum
587 3138 689 3214 populo
703 3157 748 3216 agr
741 3138 831 3196 utile
845 3138 968 3195 futurum
983 3154 1051 3202 erat.

649 3239 665 3275 ι

219 3296 289 3355 XX
310 3295 388 3354 Tum
402 3297 595 3358 sacerdotibus
608 3295 739 3352 creandis
760 3295 885 3352 animum
906 3297 1019 3371 adjecit,
1034 3314 1129 3372 quarn-

180 3396 264 3454 quam
278 3376 338 3451 ipse
352 3376 472 3450 plurima
486 3395 566 3434 sacra
588 3375 693 3441 obibat,
717 3395 752 3431 ea
774 3375 905 3446 maxime,
926 3393 987 3448 quae
1001 3393 1079 3431 nunc
1093 3375 1133 3431 ad

180 3455 294 3514 Dialem
320 3453 463 3512 flaminem
490 3455 639 3528 pertinent
680 3453 748 3525 Sed,
775 3451 841 3527 quia
866 3453 895 3508 in
917 3453 1029 3510 civitate
1052 3453 1130 3510 belli-

181 3538 248 3592 cosa
270 3533 364 3610 plures
387 3531 515 3598 Romuli,
539 3552 621 3606 quam
644 3531 757 3604 Numae,
781 3531 885 3588 similes
912 3549 993 3622 reges
1014 3533 1130 3607 putabat

182 3613 271 3681 scre,
265 3625 407 3687 iturosque
422 3611 496 3686 ipsos
510 3611 554 3668 ad
568 3611 650 3676 bella,
671 3630 708 3666 ne
729 3629 809 3668 sacra
831 3610 916 3685 regiae
937 3610 1006 3668 vicis
1020 3612 1131 3669 desere·

181 3703 289 3766 rentur,
303 3692 446 3750 flaminem
461 3691 524 3748 Jovi
539 3691 681 3746 assiduum
696 3690 869 3746 sacerdotem
884 3690 998 3758 creavit,
1013 3690 1164 3766 insigni-⁴⁰

181 3789 315 3846 quaeum
334 3782 410 3830 veste
435 3783 462 3828 et
483 3770 573 3837 curuli
595 3769 671 3844 regia
692 3769 758 3826 selld
779 3769 939 3826 adornavit:
974 3769 1040 3828 huic
1061 3771 1136 3828 duos

1138 3257 1164 3324 ea
