2648 4340
178 305 219 397 5²2
571 311 639 388 nu
655 325 740 382 mvn
803 295 805 300 ’

179 477 330 538 tendebat:
352 463 435 554 idque
457 475 497 534 ita
517 461 650 534 cecinere
672 467 758 549 tates,
781 475 883 554 quique
906 467 942 534 in‘
956 469 1024 536 urbe
1038 469 1129 551 eiatrt,

180 575 304 634 quosque
317 555 353 614 ad
375 575 437 614 earn
461 561 519 626 rein'
541 555 754 617 consultandam
776 575 812 613 ex
833 555 945 614 Etruria
959 557 1129 626 acciverant.

180 637 343 712 Augebatur
365 637 399 692 ad
424 636 565 716 impensas
591 634 666 710 regis
692 633 810 692 animus.
852 634 950 710 Itaque
975 635 1130 693 Pometinae

179 713 331 787 manubiae,
345 723 406 790 quae
421 704 602 790 perducendo
615 713 650 770 ad
665 713 776 788 culmen
791 715 868 790 operi
880 715 1129 784 destinataeeraut,

181 795 226 851 vix
242 795 270 851 in
286 793 469 852 fundamenta
481 793 704 870 suppeditavere.
747 792 789 850 Ed
800 793 889 869 magis
903 793 1003 866 Fabio,
1017 799 1131 870 praeter-
1152 803 1165 844 ⁵

180 893 263 950 quarn
277 871 352 948 quod
372 873 509 948 antiquior
529 886 580 944 est,
603 871 779 941 crediderim,
803 867 1009 949 quadringenta
1026 891 1060 930 aa
1073 871 1142 944 sola¹

180 951 285 1010 talenta
307 953 402 1020 luisse,
425 952 516 1029 quam*
531 949 635 1022 Pisoni,
657 951 704 1026 qui
724 949 909 1028 quadraginta
930 951 1017 1009 millia
1037 951 1153 1026 pondo'

181 1031 289 1108 argenti
304 1033 425 1107 seposita
438 1033 467 1088 in
488 1051 551 1088 eam
572 1050 631 1088 rem
653 1031 759 1102 scribit,
779 1036 920 1088 summam
942 1031 1136 1106 pecuniane-

180 1129 234 1188 que
256 1130 290 1168 ex
315 1111 398 1168 unius'
418 1115 482 1168 tum'
501 1110 578 1167 urbis
598 1109 694 1185 praeda
715 1109 890 1186 sperandam,
915 1119 944 1168 et
966 1110 1080 1180 nullius,
1095 1129 1132 1167 ue

141 1235 142 1238 ,
181 1191 280 1248 horum
295 1191 409 1264 quidem
432 1189 651 1270 magnificentiae¹
667 1187 793 1266 operum,
815 1189 999 1248 fundamenta
1010 1183 1072 1256 ¹nou
1086 1183 1134 1246 eit-⁴
1142 1192 1167 1238 1⁰

180 1279 381 1344 superaturam.
476 1328 477 1334 ,
875 1271 885 1280 ”
1170 1279 1171 1286 ’

222 1415 299 1484 LVl.
334 1425 464 1484 intentus
489 1426 662 1504 peiliciendo
688 1425 801 1502 templo,
829 1426 915 1484 fabris
940 1425 1065 1501 undique
1096 1433 1134 1485 ex

186 1504 299 1564 Etrurii
314 1507 422 1578 accitis,
437 1503 496 1564 uon‘
507 1507 629 1584 pecunia
649 1505 741 1563 solum
764 1506 799 1565 ad
821 1505 850 1566 id
864 1505 978 1582 publici
991 1517 1033 1562 est
1055 1525 1132 1574 usus,

185 1588 232 1644 sed
245 1587 337 1664 operis
350 1585 433 1658 etiam
449 1605 482 1642 ex
501 1585 599 1660 plebe:
633 1585 680 1660 qui
702 1603 788 1660 quum
812 1585 888 1641 haud
910 1602 1012 1660 parvus
1032 1596 1061 1642 et
1074 1586 1144 1666 ipse·

187 1665 292 1723 militiae
306 1666 455 1742 adderetur
476 1660 563 1738 labor,
583 1664 681 1722 minus
704 1669 798 1721 tamen
820 1663 898 1740 plebs
911 1665 1088 1740 gravabatur,
1103 1680 1170 1734 seta
1257 1718 1259 1721 ,

185 1745 289 1820 templa
302 1744 392 1801 Deum
408 1743 583 1800 e‘xaedilicare
599 1743 728 1800 manibus
749 1743 826 1822 suis:=
851 1763 912 1820 quae
927 1743 1043 1818 posthac
1056 1754 1085 1801 et
1098 1745 1133 1805 ad

185 1823 248 1902 alia,
264 1829 294 1881 ut
308 1815 402 1899 sp'eoie
417 1824 532 1892 minora,
555 1823 595 1880 sic
617 1823 719 1880 laboris
740 1821 883 1896 aliquanti)
906 1822 1028 1900 majoris,
1042 1823 1136 1880 tradu-⁴

185 1903 300 1961 uebatur
314 1922 415 1978 opera3
438 1903 509 1959 foros
524 1902 552 1958 in
570 1903 647 1960 circo
671 1901 824 1969 iaciendos,
844 1901 1027 1978 ¹clt'racamque
1049 1901 1138 1958 maxi?

187 2003 272 2055 marn,
287 1983 494 2058 receptaculum
509 1983 635 2039 omniurn
649 1981 896 2058 purgamentorum
911 1981 996 2046 urbis,
1016 1980 1068 2037 sub
1082 1992 1137 2038 ter·

186 2082 246 2120 ram
260 2064 416 2138 agendam:
438 2062 538 2136 quibus
552 2063 662 2118 duobus
674 2061 805 2136 operibus
826 2057 872 2118 viri
894 2065 966 2117 nova
983 2060 1045 2116 haec
1059 2075 1171 2136 mag-m

186 2141 333 2199 nilicentia
346 2141 497 2217 quidquam
519 2141 665 2214 adaequare
690 2140 786 2216 potuit.
828 2139 882 2196 His
903 2139 1044 2196 laboribus
1057 2159 1137 2196 erer-

191 2221 245 2296 uita
260 2219 351 2296 plebe,
365 2220 431 2294 quia'
444 2232 470 2276 et
487 2217 547 2288 urbi
569 2220 795 2290 multitudinem,
812 2219 859 2275 ubi
883 2238 950 2274 usus
973 2237 1030 2298 non
1052 2231 1135 2290 esset,

187 2301 266 2356 oneri
280 2299 392 2356 rebatur
406 2318 478 2370 esse,
501 2309 529 2354 et
550 2299 657 2355 colonis
680 2297 827 2355 mittendis
837 2295 970 2372 occupari
990 2295 1072 2354 latius
1086 2297 1138 2354 im·
1182 2291 1186 2297 “

186 2378 255 2453 perii
284 2378 354 2433 lines
381 2377 506 2444 volebnt3
541 2377 668 2452 Signiam
696 2377 877 2461 Circejoscpie
904 2373 1018 2433 colonos
1051 2376 1135 2444 misit,

187 2457 316 2532 presidia
331 2455 392 2512 urbi
408 2456 500 2512 lutura
512 2457 584 2512 terrai
599 2457 731 2534 marique.
765 2449 846 2512 'Hauc
869 2455 963 2532 agenti
977 2465 1173 2530 portentumaa

187 2537 309 2593 terribile
325 2535 430 2603 visum;
460 2535 570 2609 anguis,
592 2555 627 2590 ex
649 2535 780 2592 columnia
802 2534 894 2610 lignea
916 2534 1036 2610 elapsus,
1050 2553 1137 2610 quum

188 2628 320 2672 terrorem
336 2613 487 2689 fugantque
502 2617 530 2670 in
544 2615 654 2690 regiamv
668 2613 790 2686 lecisset,
813 2613 900 2688 ipsius
921 2613 995 2689 regis
1009 2615 1137 2670 nontam

188 2695 280 2752 subito
303 2712 403 2770 pavore
423 2693 543 2768 perculit
565 2703 672 2769 pectus,
694 2693 776 2768 quarn
799 2692 890 2750 anxiis
908 2691 1032 2768 implevit
1051 2693 1136 2750 curis.

189 2769 287 2850 ltaque
301 2792 385 2852 quum
401 2773 436 2829 ad
450 2773 563 2848 publica
586 2773 713 2848 prodigia
734 2771 846 2830 Etrusci
867 2772 980 2830 tantum
999 2783 1076 2829 vates
1090 2773 1138 2830 ad·

189 2849 362 2926 biberentur,
377 2853 430 2910 hoc
444 2851 520 2908 velut
533 2852 687 2916 domestico
710 2853 857 2930 exterritus
879 2851 948 2922 visu,
964 2849 1089 2926 Delphos
1102 2851 1174 2910 adm
1202 2850 1205 2854 ’

188 2933 308 2990 maxime
330 2931 466 3007 inclytum
488 2931 516 2988 in
540 2931 786 2988 terris'oraculurn
808 2931 917 2988 mittere
943 2931 1056 2988 statuit:
1089 2951 1139 2989 ne·

188 3031 242 3084 que
269 3015 403 3087 responsa
430 3011 543 3068 sortium
579 3007 626 3067 ulli
655 3011 702 3067 alii
731 3011 905 3068 committere
939 3029 1035 3080 ausus,
1068 3009 1139 3068 duos

189 3078 261 3146 lilios
275 3110 323 3165 per
343 3091 452 3170 ignotas
472 3091 506 3146 eri
528 3100 692 3164 tempestate
716 3099 813 3157 terras,
839 3089 977 3166 ignotiora
998 3089 1093 3158 maria,
1109 3089 1137 3146 in

189 3153 329 3246 Graeciam
345 3171 428 3226 misit.
470 3169 554 3226 Titus
568 3183 596 3225 et
609 3169 705 3226 Aruns
723 3169 858 3244 proiecti:
886 3188 982 3226 comes
1003 3169 1046 3224 his
1060 3165 1139 3224 addi·

189 3241 234 3326 tus
245 3247 278 3304 L.
293 3243 310 3303 J
314 3249 397 3304 unius
407 3249 519 3317 Brutus,
541 3247 696 3323 Tarquinia
720 3269 813 3308 sorore
835 3249 910 3324 regis
923 3262 1015 3324 natus,
1027 3246 1174 3322 juvenisat'

189 3327 272 3402 longe
287 3327 357 3383 alius
372 3325 496 3402 iugenio,
506 3330 589 3401 quim
605 3325 686 3403 cujus
700 3328 905 3402 simulationem
921 3327 1057 3384 induerat.
1098 3325 1138 3394 Is,

139 3445 141 3452 ›
190 3425 275 3482 quum
292 3407 425 3481 primores
439 3405 570 3478 civitatis,
584 3407 612 3463 in
627 3407 728 3480 quibus
742 3407 853 3463 fratrem
870 3411 950 3463 suum
966 3405 1001 3460 ab
1015 3409 1139 3462 avuncuss

190 3487 218 3544 lo
232 3485 408 3544 intersectum
425 3483 557 3551 audisset,
573 3505 663 3558 neque
685 3486 713 3541 in
738 3487 831 3542 animo
849 3505 900 3540 suo
913 3483 1064 3558 quidquam
1079 3485 1138 3562 regi

191 3566 357 3630 timendum,
385 3565 525 3638 usquein
555 3564 665 3620 fortuna
695 3563 953 3638 concupiscendum
982 3563 1139 3638 relinquere

192 3647 296 3718 statuit,
311 3654 527 3719 contemptuque
538 3655 617 3700 tutus
630 3661 700 3712 esse,
725 3641 771 3700 ubi
787 3643 815 3700 in
828 3643 891 3719 jure
905 3641 1001 3718 parurn
1017 3643 1139 3719 praesidii
1149 3643 1175 3696 'aa‘

171 3723 273 3782 'esset
315 3725 392 3800 Ergo
415 3743 449 3780 ex
472 3723 608 3780 industria
633 3722 723 3780 sactus
746 3723 781 3780 ad
804 3722 987 3780 imitationem
1005 3721 1141 3796 stultitia,

191 3823 277 3880 quum
290 3824 320 3861 se
335 3823 439 3880 suaque
454 3802 552 3881 praedae
566 3821 627 3860 esse
641 3805 701 3881 regi
715 3803 829 3872 sineret,
844 3802 923 3861 Bruti
941 3821 1051 3879 quoque
1066 3801 1140 3860 haud
