2646 4340
464 354 822 424 sinemurum.
969 399 972 404 -
1067 375 1127 438 229

174 514 231 576 diei
246 515 370 574 medium
391 525 461 584 erat,
485 516 599 592 sitisque
619 528 648 574 et
668 516 743 574 calor
764 517 875 574 hiantes
887 517 1039 575 cedendas
1051 518 1127 622 capi·

173 596 319 670 cadosque
332 581 437 653 affatim
451 597 601 670 praeb'ebat
645 614 649 640 ι

180 753 325 811 XLIX.
359 753 510 829 Elephanti
533 755 626 829 plures
646 753 716 812 ab'
708 754 775 828 rpais
802 755 967 822 rectoribus,
988 755 1072 830 quim
1093 757 1129 814 ab
1182 801 1190 813 .

175 833 265 905 hoste,
289 833 446 904 intersecti3
479 833 576 890 fabrile
596 835 737 924 scalprum
751 853 817 890 cum
838 833 940 892 mulle'o
961 835 1126 894 habebantr

151 913 215 981 sid,
228 879 277 969 ulli
291 911 388 969 sarire
403 912 502 970 bellue
521 932 559 990 ac
580 931 661 971 ruere
680 913 708 970 in
723 931 789 970 suos
808 927 963 1003 caeperunt,
984 915 1128 1005 magister,

174 991 343 1055 intercutes
355 993 485 1082 positum,
500 991 560 1067 ipso
574 993 603 1050 in
617 993 745 1059 articulo,
759 1011 815 1066 quo
824 991 953 1070 jungitur
967 994 1054 1069 capiti
1067 1011 1128 1052 cer·

174 1071 221 1128 rix
224 1082 357 1162 ‚quanto
373 1071 495 1128 maximo
520 1083 628 1146 poterat
642 1071 710 1144 ictu,
735 1072 874 1147 adigebat.
917 1073 959 1130 Ea
980 1073 1130 1132 celerrima

154 1150 220 1207 ιιι
234 1150 330 1228 mortis
350 1150 379 1207 in
400 1161 486 1208 tante
507 1151 588 1208 molis
609 1151 727 1208 bellua
721 1162 917 1224 inventaerat,
941 1152 991 1209 ubi
1011 1152 1129 1228 regendi

173 1247 253 1305 spem
272 1229 425 1288 uicissent:
457 1229 629 1305 pritnusque
647 1231 675 1287 id
697 1230 885 1296 Hasdrubal
878 1229 1049 1303 instituerat,
1071 1231 1129 1290 dux

140 1327 259 1384 loquum
286 1327 359 1390 sepe
387 1308 456 1366 alias
484 1309 693 1388 memorabilis,
711 1323 769 1366 tum
786 1309 839 1366 illa
858 1311 1000 1386 precipue
1020 1275 1128 1384 pirgul.

173 1387 237 1445 Ille
236 1402 406 1478 pugnantes,
421 1387 567 1455 hortando,
589 1383 752 1464 pariterque
765 1388 899 1446 obeundo
908 1389 1050 1465 pericula,
1071 1407 1130 1446 sua

128 1451 273 1524 tinuit:
294 1467 341 1524 ille
362 1466 450 1525 sesses
463 1467 674 1543 'abnuentesque
688 1467 772 1524 taedio
792 1483 826 1525 et
840 1468 945 1535 labore,
968 1479 1046 1526 nunc
1066 1487 1129 1559 pre-

172 1533 275 1636 claudo,
296 1557 374 1604 nunc
394 1546 567 1624 castigando,
578 1547 733 1604 pependit:
759 1546 809 1604 ille
820 1547 962 1624 fugientes
975 1548 1128 1621 revocavit,

171 1625 360 1702 omissamque
373 1643 496 1702 pugnam
511 1627 615 1702 aliquot
628 1623 698 1684 loeis
710 1626 850 1684 restituit:
853 1626 1023 1702 postremo,
1036 1645 1126 1701 quum

140 1724 163 1763 ιι
173 1703 248 1762 lraud
262 1705 347 1762 dubie
363 1705 473 1763 fortuna
487 1705 607 1762 hostium
621 1717 705 1772 esset,
728 1725 764 1762 ne
777 1717 936 1781 superesset
956 1717 1035 1763 tanto
1049 1725 1129 1763 exer·

172 1785 242 1844 citui
263 1803 344 1842 suum
366 1803 469 1858 nomen
491 1797 599 1848 secuto.
620 1785 769 1842 concitato
789 1803 861 1860 equo
881 1805 911 1842 se
933 1786 969 1842 in
983 1786 1128 1844 cohortem

173 1863 357 1946 Romanam'
350 1864 473 1922 immisit.
516 1863 569 1934 lbi,
585 1875 615 1920 ut
628 1875 706 1938 patre
731 1864 894 1921 Hamilcare
915 1875 945 1921 et
966 1863 1129 1922 Hannibale

172 1930 257 2000 lintre
278 1943 395 2019 dignum
408 1953 485 2014 erat,
487 1961 636 2018 pugnans
656 1943 770 2000 cecidit.
823 1943 978 2018 Nunquam
1000 1962 1035 2000 eo
1055 1943 1129 2002 bello

174 2023 237 2078 uui
245 2023 307 2082 acie
321 2031 429 2079 tantum
444 1987 566 2079 hostium
581 2021 1032 2112 intersectumest31etlditaque
1049 2039 1130 2096 reque

137 2101 437 2173 aoCannensiclades,
450 2101 494 2158 uel
509 2101 591 2159 ducis
605 2101 647 2157 vel
671 2101 811 2158 exercitus
832 2101 957 2168 interitu,
973 2100 1128 2158 videbatur

171 2179 388 2256 Quinquaginta
414 2199 466 2237 sen
496 2179 583 2238 millia
604 2180 740 2236 hostium
737 2179 860 2238 occisa:
893 2191 977 2256 capta
1005 2179 1128 2270 quinque

172 2259 260 2350 millia
279 2271 308 2317 et
320 2259 536 2350 quadringenti.
570 2259 676 2350 praeda
676 2259 733 2317 alia
746 2277 858 2350 magna
863 2272 922 2318 tum
937 2259 1030 2317 omnis
1043 2277 1129 2336 gene·

172 2339 218 2408 ris,
234 2352 292 2398 tum
307 2339 368 2395 auri
381 2339 465 2410 etiam
480 2339 653 2415 argentique.
695 2338 809 2400 Civium
821 2325 906 2396 etlam
921 2333 1127 2429 Romanorum,

172 2419 218 2492 qui
233 2418 307 2493 eapti
329 2418 403 2491 apud
425 2419 519 2476 hostes
539 2431 628 2490 erant,
650 2437 734 2508 supra
753 2429 873 2493 quatuor
894 2417 981 2475 millia
1001 2417 1127 2494 capitum

136 2508 293 2574 atreeepta.
335 2497 368 2554 ld
383 2496 474 2556 solatii
489 2497 541 2554 fuit
553 2517 603 2572 pro
617 2497 726 2554 amissis
736 2516 771 2555 eo
781 2498 1040 2575 proeliomilitibus:
1061 2515 1127 2556 uam

173 2577 552 2653 haudquaquam-incruenta
565 2577 681 2634 victoria
693 2576 763 2634 suit:
783 2589 849 2635 octo
863 2578 950 2634 ferme
964 2576 1055 2634 millia
1068 2575 1128 2636 Ro·

172 2671 331 2718 manorum
345 2656 543 2731 sociorumque
568 2656 672 2714 occisa.
727 2657 865 2731 Aderique
892 2656 977 2714 etiarn
996 2655 1127 2714 victores

170 2735 317 2810 sanguinis
343 2736 485 2810 cedisque
507 2745 622 2811 ceperat
645 2737 768 2806 satietas,
794 2747 824 2791 ut
838 2746 948 2820 postero
962 2735 1018 2806 die,
1038 2752 1127 2808 quum

172 2825 247 2870 esset
260 2815 427 2872 nuntiatum
430 2815 511 2872 Livio
524 2813 644 2880 consuli,
657 2780 768 2870 Gallos
763 2811 928 2889 Cisalpinos
943 2813 1125 2888 liguresque,

135 2891 219 2966 requi
234 2903 282 2948 aut
295 2893 392 2982 ιιιωιίο
405 2899 462 2950 ιιὸιι
483 2893 638 2964 affuissent,
662 2893 724 2950 aut
734 2893 807 2950 inter
820 2893 945 2952 oedem
943 2891 1123 2981 effugis—seut,

172 2989 230 3028 uno
243 2971 356 3046 agmine
370 2973 482 3030 abire
460 2991 521 3030 arne
542 2983 621 3029 certo
640 2972 724 3039 duee
745 2972 807 3028 sine
820 2972 919 3062 signis,
942 2971 1004 3030 siue
1022 2970 1124 3030 ordin'e

172 3049 239 3122 ullo,
254 3061 312 3108 aut
310 3051 448 3126 imperi03
468 3056 559 3158 popae,
573 3051 596 3108 si
611 3070 668 3126 una
681 3051 807 3125 equitum
821 3051 865 3108 ala
879 3051 1012 3116 mittatur,
1026 3067 1126 3114 omues

169 3129 279 3199 deleri3
301 3139 320 3166 ‘⁸
330 3129 506 3205 Supersunt
514 3131 621 3236 ιιιιιιιιῑ,
644 3130 759 3207 “aliqui
773 3131 877 3198 nuntii,>
890 3141 919 3187 et
932 3125 1053 3188 hostium
1066 3129 1124 3190 ela·

174 3219 194 3248 ‘⁶
203 3210 257 3282 dis,
272 3219 300 3266 et
313 3219 415 3266 nostrae
428 3209 564 3295 virtutis.”

32 3379 35 3384 “
138 3388 165 3430 as
212 3367 246 3426 L
267 3367 356 3434 Nero,
370 3367 403 3424 ea
411 3377 574 3457 nectequae
588 3367 741 3424 secutaest
754 3353 888 3458 pugnam,
899 3366 1026 3426 citatiore
1039 3365 1123 3442 quarn

152 3447 249 3512 iude
253 3457 374 3506 venerat
379 3445 504 3528 agmine,
517 3447 563 3504 die
577 3456 667 3504 sento
664 3446 711 3506 nd
726 3446 825 3504 stativa
838 3465 888 3504 sua
890 3452 994 3522 ,atque
1008 3447 1043 3504 ad
1058 3447 1121 3502 hos·

155 3538 231 3586 tem
244 3527 379 3603 pervenit.
421 3525 516 3584 Iter
491 3544 552 3602 ejus
566 3525 721 3622 frequentia
739 3526 857 3594 minore,
872 3527 938 3602 quia
957 3543 1041 3584 nemo
1054 3541 1123 3598 prro·

174 3617 298 3664 cesserat
310 3606 436 3674 nuntius,
450 3605 547 3664 latitia
558 3624 623 3664 vero
610 3603 724 3673 tanti,
736 3605 782 3662 vix
795 3615 975 3682 utcompotes
986 3601 1122 3661 mentium

174 3705 231 3777 prre
255 3685 361 3776 gaudio
380 3695 483 3774 essent,
504 3685 676 3744 celebratum
698 3695 749 3748 est
801 3683 878 3744 Nam
899 3685 1000 3743 Rome
1022 3692 1122 3740 neuter
1204 3735 1205 3738 ,

140 3783 167 3825 ιι
176 3765 263 3822 animi
255 3763 388 3824 habitus
400 3763 469 3824 sa'tis
482 3764 544 3824 dici
543 3764 728 3856 ‘eparrarique
739 3772 848 3840 potest3
877 3781 933 3842 qao
946 3778 1001 3850 que
1013 3759 1123 3821 iucem

175 3838 388 3922 exspectatione
396 3846 562 3981 erpptus
523 3843 622 3902 ciuitas
635 3843 735 3912 fuerat,
748 3863 803 3902 uec
816 3862 872 3920 quo
883 3829 1004 3923 victoria
1018 3837 1121 3905 famata
