2646 4340
383 407 385 412 ,
463 353 823 422 praesumtorem„
906 381 908 392 ·
1057 353 1117 418 21³

159 495 325 576 municipia,
339 493 456 576 quaeque
469 511 581 590 propter
595 495 847 570 eam'viam'sunt,
870 497 987 566 Setiam,
1002 497 1117 572 Coram,
1135 514 1139 522 “

159 577 330 654 Lanuvium,
354 579 498 654 premisit,
523 591 750 652 utcommoatus
774 595 885 654 paratos
905 591 934 640 et
957 578 985 636 in
1001 577 1117 636 urblbus

158 658 306 736 haberent,
319 669 349 715 'et
363 675 399 715 ex
414 659 488 734 agris
502 658 591 716 deviis
606 658 634 715 in
658 657 730 722 viam
751 657 917 732 proferrent,
933 657 1117 734 prae'sldiaqus

157 736 188 796 in
204 738 288 794 orbos
307 738 520 814 contraherent,
539 741 570 800 ut
587 755 646 795 ‘sua
666 737 770 812 cuique
786 737 960 820 respublica
979 736 1009 794 iu
1020 749 1115 795 'mauu

134 828 242 874 cesset.
510 843 513 849 ’
602 847 604 854 ·

196 974 251 1033 ΙΧ.
275 975 430 1050 Hannibal,
443 995 499 1052 quo
513 975 559 1033 die
573 975 747 1032 Vulturnum
769 985 812 1032 est
824 985 1027 1050 transgressus,
1041 973 1118 1034 haud

155 1053 253 1131 procul
269 1074 286 1111 a
300 1055 415 1112 flumine
429 1070 522 1113 castra
536 1053 637 1131 posuit.
679 1055 795 1112 Postero
806 1055 853 1112 dic
867 1065 967 1130 praeter
981 1054 1067 1112 Calas
1088 1054 1117 1112 in

156 1152 258 1210 agrum
271 1135 431 1192 Sidicinum
446 1135 591 1210 pervenit:
623 1134 661 1192 ibi
677 1135 752 1192 diem
774 1153 869 1192 unum
885 1134 1046 1212 populando
1060 1153 1119 1192 mc·

156 1226 243 1282 ratus,
264 1233 313 1289 per
328 1215 492 1272 Suessulam
509 1213 723 1288 Allifanumque
734 1227 763 1271 et
777 1213 941 1270 Casinatem
957 1229 1057 1290 agrum
1073 1211 1117 1271 vit

124 1309 147 1348 ro
157 1293 261 1351 Latini
275 1294 363 1351 ducit.
406 1289 467 1351 Sub
479 1293 617 1355 Casinum
633 1293 719 1372 biduo
733 1293 834 1350 stativa
850 1292 955 1360 habita,
969 1303 998 1350 et
1012 1293 1117 1370 passim

155 1373 351 1448 populationes
374 1369 469 1432 t'actur.⁴
496 1373 590 1440 lude,
618 1384 718 1448 praeter
732 1371 936 1430 'Interamnam
958 1371 1118 1447 Aquinum·

128 1509 132 1516 ,
155 1471 220 1526 que,
236 1453 263 1512 iu
280 1452 594 1530 Fregellanum‘agrum
610 1453 646 1509 ad
669 1451 757 1510 Lirim
772 1451 886 1509 flurium
899 1459 1036 1521 rentum;
1068 1450 1117 1508 ubi

156 1531 330 1598 intercisum,
344 1545 458 1607 pontem
473 1551 490 1589 a
506 1531 681 1608 Fregellanis
693 1531 952 1599 morandiutneris
975 1530 1061 1604 causi
1075 1530 1118 1588 in·

10 1635 12 1736 q
156 1611 242 1668 venit.
291 1608 329 1669 Et
343 1611 474 1669 Foliium
491 1609 649 1671 Vulturnus
668 1623 802 1685 ¹tenuerat
813 1613 925 1686 amnis,
941 1610 1059 1670 naribus
1080 1609 1117 1667 ab

123 1689 320 1756 raHanulbale
344 1691 482 1764 incensis,
504 1701 586 1748 rates¹
609 1691 643 1748 ad
673 1691 874 1766 trajiciendum
895 1690 1065 1758 exercitum,
1087 1689 1117 1747 in
1199 1701 1204 1714 ·

156 1771 371 1847 magudiuopii
386 1771 519 1841 mutarim,
535 1770 616 1844 agre·
629 1773 850 1846 comparantem.
893 1769 1030 1846 majano
1051 1769 1118 1831 rati-

10 1867 12 1942 q
156 1845 347 1928 bus'ertercitu
363 1850 502 1925 reliquum
517 1843 618 1906 Firlvio
631 1849 794 1924 expeditum
811 1849 944 1915 itbr‚,non
967 1867 1016 1924 per
1030 1849 1116 1906 urbes

156 1929 248 1999 modd,
262 1930 312 1987 sed
327 1929 405 1988 circa
420 1929 503 2001 viam,
517 1929 651 2004 expositis
665 1929 788 2004 benigne
804 1927 1018 1998 commeatibus,
1033 1938 1114 1985 erat:
1130 1945 1133 1952 ·

155 2008 318 2084 alacresque
334 2008 437 2066 milites
458 2009 530 2066 alius
554 2008 650 2074 alium,
667 2015 707 2065 'ut
721 2005 837 2065 adderet
857 2008 986 2084 gradum,
998 2025 1117 2064 'memor

119 2085 191 2144 sua'd
212 2087 421 2156 defendendam
435 2087 632 2164 irtr'patriom,
662 2087 852 2162 hortabantur.
904 2086 1027 2144 Ro'm'am
1051 2085 1118 2143 Fre·

155 2163 285 2243 gellanris
300 2168 426 2235 nuntius,
441 2167 516 2227 diem
533 2179 701 2244 tractemque
714 2167 814 2224 itinere
828 2165 1004 2232 continuato,
1019 2165 1118 2240 ingen·

155 2257 213 2303 tem
225 2247 318 2304 attulit
326 2259 458 2305 terrorem
472 2267 479 2303 ε
494 2246 707 2314 tumultuosius,
716 2245 800 2321 quim
814 2246 928 2304 allatum
939 2255 1007 2326 erat,
1018 2262 1118 2302 cursus

156 2325 524 2402 homi·uum‚¹affiugentium
540 2345 611 2382 rana
625 2326 739 2405 auditis,
764 2337 851 2404 totam
867 2325 965 2382 urbe'm
986 2324 1118 2382 concire·

155 2415 206 2462 rat.
248 2405 376 2464 Ploratus
392 2406 540 2463 mulierum
555 2425 611 2462 nou
634 2425 671 2463 err
692 2406 807 2482 privatis
821 2403 910 2463 solum
925 2404 1056 2464 domibus
1069 2423 1118 2461 ex·
1141 2399 1155 2429 ''

118 2485 340 2555 rsaudiebatur;
362 2486 412 2542 sed
428 2485 552 2560 undique
568 2497 712 2557 matronas,
735 2486 762 2542 iu
784 2485 929 2568 publicum
944 2484 1050 2554 effusae,
1065 2482 1119 2540 cir·

155 2583 191 2623 ca
202 2564 293 2622 Derim
308 2565 426 2622 delubra
440 2565 613 2634 discurrunt,
628 2560 756 2636 crinibus
771 2565 860 2641 passis
881 2583 944 2621 aras
958 2572 1113 2630 verrentes,

155 2644 229 2702 nixa
242 2645 373 2721 genibus,
388 2645 504 2720 supinas
519 2664 619 2702 manus
633 2646 668 2702 ad
684 2645 788 2702 coelum
813 2663 846 2702 ac
862 2637 939 2700 D'eos
952 2642 1114 2708 tendentes,
1137 2673 1141 2679 ,

154 2725 492 2800 orantesque‚·ut.urbem
509 2724 670 2782 Romanam
685 2741 711 2780 'e
735 2723 866 2804 manibus
890 2720 1012 2780 hostium
1026 2720 1117 2795 eripe·

154 2813 237 2871 rent3
258 2815 416 2878 matresque
430 2804 579 2862 Romanas
592 2817 621 2860 et
636 2803 738 2862 liberos
752 2820 851 2878 parvos
865 2800 1012 2858 inviolatos
1026 2815 1118 2856 serva·

119 2893 145 2935 aa
155 2891 228 2939 rent.
270 2883 394 2940 Senatus
413 2882 624 2958 magistratibus
633 2883 661 2938 in
677 2881 737 2939 foro
748 2890 848 2957 praesto
862 2890 915 2952 est,
929 2879 952 2938 si
963 2878 1031 2954 quid
1046 2890 1115 2935 con·

154 2960 248 3020 solere
262 2961 357 3019 velint.
399 2962 458 3019 Alii
473 2961 618 3036 accipiunt
633 2961 758 3036 imperia,
778 2960 985 3034 disceduntque
1000 2958 1035 3014 ad
1050 2975 1117 3034 suas

154 3039 273 3117 quisquc
287 3039 443 3098 officiorum
458 3053 569 3116 partes:
591 3041 638 3097 alii
652 3041 775 3098 offerunt
788 3059 827 3110 se,
852 3039 875 3097 si
900 3037 955 3114 qud
966 3047 1038 3094 usus
1051 3055 1117 3114 cpe·
1188 3069 1190 3074 ·

155 3120 263 3177 rasit:
284 3119 415 3195 praesidia
430 3119 459 3177 in
481 3138 556 3186 arce,
572 3121 600 3177 in
626 3119 775 3195 Capitolio,
798 3120 826 3178 in
849 3117 946 3188 muris,
969 3117 1047 3174 circa
1071 3135 1117 3175 ur·

155 3199 230 3265 bem,
246 3198 275 3256 in
288 3211 383 3257 monte
394 3200 478 3256 etiam
490 3199 603 3256 Albano
615 3211 697 3274 atque
709 3219 774 3256 arce
803 3196 954 3264 AEsuland‚
964 3207 1115 3272 ponuntur.

121 3277 235 3337 aslnter
257 3279 334 3336 hunc
348 3279 510 3342 tumultum.
524 3279 564 3344 Q.
586 3277 717 3334 Fulvium
732 3277 935 3354 proconsulem
958 3275 1116 3353 proiectum

153 3354 222 3416 ‘cum
236 3358 364 3416 exercitu
377 3377 395 3414 a
409 3358 509 3434 Capua
524 3359 656 3426 affertur;
686 3357 732 3414 cui
756 3377 792 3414 ne
817 3358 989 3428 minueretur
1004 3355 1116 3432 imperi·

156 3457 215 3510 um,
236 3438 259 3496 si
280 3438 309 3496 in
331 3437 437 3501 Urbem
460 3439 591 3509 uenisset,
612 3437 743 3516 decernit
763 3447 940 3517 senatuq'ut
959 3435 1000 3498 Q.
1015 3433 1116 3492 Fulvio

97 3563 113 3571 -.
156 3535 293 3594 parcum
317 3517 482 3578 consulibus
506 3518 654 3594 imperium
670 3526 753 3574 esset.
809 3515 963 3588 Hannibal,
985 3511 1116 3572 infestius

157 3598 339 3674 perpopulato
358 3617 425 3675 agro
447 3595 616 3674 l'regcllano'
632 3605 685 3673 pro‘
700 3609 742 3654 ter
764 3597 912 3654 intercisos
928 3587 1043 3672 ‘pontes
1065 3609 1115 3666 per

122 3687 147 3726 ⁴⁰
158 3675 336 3746 Frusinatem
351 3676 663 3752 Ferentinatemqueet
678 3617 864 3754 bnagbinum
880 3692 977 3753 agrum
989 3672 1018 3728 in
1033 3669 1117 3727 Lavi·

133 3761 137 3768 '
157 3757 370 3825 cauum'venit3
403 3757 468 3817 iude
491 3757 596 3842 Algido
609 3757 769 3814 Tusculum
786 3757 882 3832 petiit:
914 3765 968 3810 n'ec
982 3760 1115 3825 receptus

9 3869 10 3910 t
157 3835 307 3908 moenibus,
322 3828 395 3893 iufra
408 3836 569 3912 Tusculum
584 3837 745 3913 dextrorsus
758 3837 865 3894 Gabios
878 3829 1044 3892 descendit:
1074 3829 1116 3888 in·
