2648 4340
191 301 233 366 44
578 299 756 352 ¹rrrrurvu

191 445 319 522 quietum
332 444 458 506 animum
472 443 644 506 stimulante.
685 443 767 502 Tulit
779 443 857 502 euim
870 437 900 502 et
922 442 1054 504 Romam
1067 444 1147 522 regia

192 523 309 584 sceleris
322 525 422 601 tragici
436 523 608 600 exemplum,
622 533 654 580 ut
674 523 758 582 tedio
778 541 879 600 regum
892 524 1026 582 maturior
1036 525 1154 584 veniret·

192 603 325 672 libertes;
360 603 544 678 ultimumque
569 621 689 679 reguum
711 612 795 674 esset,
815 601 890 678 quod
914 601 1021 660 scelere
1034 613 1146 678 partum

193 683 272 742 foret.
314 682 372 740 Hic
385 681 419 740 L.
434 681 609 758 Tarquinius
630 680 735 760 (Prisci
748 680 899 756 Tarquinii
922 681 998 758 regis
1011 681 1084 740 filins
1097 701 1148 740 rre-

191 779 280 837 posue
305 761 396 832 fuerit,
424 779 522 838 parum
549 761 655 836 liquot;
699 759 826 836 pluribus
852 771 947 818 tamen
975 761 1181 834 auctoribus,o

192 840 282 898 lilium
307 839 460 920 ediderim)
493 839 605 901 fratrem
630 840 767 898 babuerat
785 840 926 901 Aruntem
940 839 1170 914 Tarquinium,¹

192 919 269 978 mitis
293 919 400 994 ingenii
425 919 567 996 juvenem.
623 920 677 978 His
700 918 862 985 duobus,ut
881 915 946 976 ante
965 918 1075 976 dictum
1093 929 1149 986 est,

192 998 257 1056 dum
270 995 384 1070 Tulliae,
399 998 474 1074 regis
494 998 568 1066 filias,
589 1003 757 1074 nupserant,¹
774 1009 804 1056 et
826 997 894 1074 ipsae
914 996 998 1073 louge
1022 997 1151 1073 dispares

192 1076 326 1136 moribus.
368 1076 453 1136 Forte
467 1077 507 1136 its
520 1077 669 1145 inciderat,
684 1095 721 1136 ne
746 1078 802 1136 duo
826 1075 948 1135 violenta
961 1075 1077 1152 ingenia
1090 1093 1149 1138 ata·

192 1155 324 1214 trimonio
342 1155 540 1232 jungerentur,
564 1155 687 1224 fortuni,
706 1157 803 1226 credo,
826 1155 921 1232 populi
944 1153 1079 1228 Romani,
1092 1154 1182 1231 qudo

192 1234 354 1294 diuturnius
368 1235 459 1294 Servii
477 1253 597 1311 regnum
610 1247 695 1306 esset,
718 1235 908 1310 constituique
921 1234 1043 1294 civitatis
1056 1251 1149 1292 mores

191 1323 315 1388 possent.
358 1314 524 1390 Augebatur
539 1314 616 1372 ferox
629 1314 736 1386 Tullia,
756 1313 827 1372 nihil
846 1313 969 1372 materie
984 1313 1087 1372 inviro
1099 1332 1150 1370 are·

192 1411 247 1467 que
261 1392 297 1450 ad
311 1393 493 1469 cupiditatem
503 1411 596 1469 neque
609 1394 646 1451 ad
656 1393 805 1452 audaciam
819 1411 899 1462 esae3
920 1402 978 1450 tota
988 1391 1018 1450 iu
1028 1392 1148 1450 alterurn

193 1489 273 1530 versa
286 1471 484 1548 Tarquinium,
498 1491 564 1535 eum
575 1473 679 1541 mirari,
699 1491 765 1530 eum
787 1471 878 1530 virum
900 1471 1006 1539 dicere,
1021 1489 1057 1529 ao
1069 1471 1153 1548 regio

193 1550 447 1626 sanguineortum:
462 1568 594 1628 spernere
606 1571 737 1622 sororem,
746 1549 931 1628 qudd,'virum
941 1562 1034 1622 nacta,
1049 1551 1183 1611 muliera

194 1629 237 1688 bri
245 1642 369 1688 cessaret
377 1630 505 1688 audacie.
527 1631 676 1690 contrabit
684 1631 813 1688 celeriter
821 1629 1041 1703 similitudooos,
1049 1639 1081 1687 ut
1089 1628 1153 1687 fere

194 1707 235 1780 fir,
250 1708 355 1766 malum
374 1709 448 1768 malo
461 1710 636 1785 aptissimum
650 1729 656 1768 :
687 1710 737 1768 red
751 1709 863 1768 initium
877 1708 1009 1766 turbandi
1022 1708 1154 1776 omniaa,

194 1787 308 1844 foemine
329 1799 421 1846 ortum
445 1800 496 1847 est.
538 1788 590 1857 Ea,
609 1789 727 1847 secretis
747 1786 798 1846 viri
812 1788 897 1846 alieni
911 1788 1072 1846 assuefacta
1091 1806 1148 1845 ser·

193 1865 335 1939 monibus,
349 1867 434 1932 nullis
454 1868 601 1926 verborum
625 1868 806 1928 contumeliis
825 1886 952 1944 parcere,
976 1867 1012 1924 de
1033 1867 1090 1927 viro
1110 1867 1147 1928 ad

194 1944 317 2014 fratrem,
331 1947 368 2004 de
382 1965 475 2005 sorore
489 1947 525 2005 ad
539 1947 645 2018 virnm3
676 1959 705 2005 et
716 1966 749 2006 se
762 1945 867 2006 rectilis
885 1946 1008 2018 viduam,
1025 1955 1055 2002 et
1068 1945 1181 2004 illum-21

193 2023 324 2084 coelibem
339 2025 462 2084 futurum
478 2026 564 2084 fuisse
586 2027 769 2099 contendere,
789 2025 873 2102 quim
888 2044 953 2082 cum
965 2025 1071 2100 impari
1084 2025 1149 2102 jun·

192 2102 232 2178 gi,
246 2113 277 2161 ut
291 2104 551 2181 elanguescendum
573 2106 665 2164 aliena
689 2105 800 2183 ignavie
823 2116 907 2168 esset.
948 2104 980 2162 Si
1003 2104 1057 2164 sibi
1070 2121 1153 2172 eom,-

192 2200 248 2255 quo
261 2182 348 2259 digna
370 2197 455 2255 esset,
479 2183 528 2242 Dii
548 2185 694 2244 dedissent
717 2185 817 2252 virum,
837 2185 914 2242 domi
934 2203 965 2240 ae
984 2183 1148 2260 propediem

193 2259 316 2318 visuram
330 2281 451 2338 regnum
464 2263 560 2335 fuisse,
574 2265 737 2340 quodapud
752 2277 859 2340 patrem
873 2263 975 2322 odeat.
1010 2261 1148 2320 Celeriter

193 2338 403 2398 adolescentem
417 2359 475 2398 sum
490 2343 655 2400 temeritatis
668 2343 774 2420 implet.
816 2343 914 2399 Aruns
931 2341 1108 2417 'l'arquinius
1119 2351 1182 2398 etv

193 2415 293 2475 Tullia
319 2420 410 2478 minor
437 2421 522 2496 propri
550 2421 722 2480 continuatis
752 2421 899 2478 funeribus
929 2437 1015 2495 quum
1050 2419 1155 2478 domos*

193 2513 297 2554 vacuas
310 2517 383 2556 novo
396 2499 576 2560 matrimonio
589 2500 734 2567 fecissent,
753 2499 914 2578 junguntur
927 2500 1042 2576 nuptiis,
1058 2494 1157 2576 magis·

194 2593 252 2633 non
265 2577 430 2652 prohibente
444 2578 552 2650 Servio,
566 2597 650 2654 quarn
664 2580 845 2657 approbante.

233 2733 358 2794 XLVII.
392 2736 471 2794 Tum
484 2735 550 2794 vero
564 2737 668 2796 indies
682 2732 809 2796 infestior
829 2737 919 2794 Tullii
940 2749 1086 2808 senectus,
1107 2738 1149 2796 in·

194 2810 293 2872 festius
306 2815 392 2892 carpit
411 2835 530 2893 regnum
544 2835 626 2875 esse:
654 2817 712 2894 jam
727 2816 805 2875 enirn
824 2817 868 2874 ab·
880 2817 993 2874 scelere
1008 2818 1044 2876 ad
1071 2818 1182 2891 aijudao

194 2904 322 2966 spectare
337 2894 437 2952 mulier
450 2895 562 2968 scelus;
594 2915 650 2954 neo
664 2907 758 2963 nocte,
773 2915 827 2954 nec
841 2897 964 2953 interdiu
978 2897 1066 2954 virum
1082 2916 1149 2954 con·

193 2969 340 3042 quiescere
367 2974 434 3050 pati,
465 2993 502 3032 ne
535 2975 657 3052 gratuita
688 2977 829 3050 praeterita
880 2975 1012 3033 arricidia
1043 2986 1183 3049 essent„

194 3049 213 3082 “
224 3049 291 3108 Nou
305 3051 358 3110 eibi
373 3053 507 3126 defuisse,
521 3053 567 3111 bui
582 3065 669 3130 nupta
682 3054 831 3122 diceretur,
876 3071 910 3112 ec
931 3073 996 3112 curn
1011 3055 1148 3130 quotaci·
1163 3055 1177 3096 ,³

194 3127 213 3161 ‘⁴
224 3137 254 3186 ta
266 3131 398 3190 serviret:
426 3131 559 3200 defuisse,
573 3133 621 3208 qui
635 3152 665 3190 se
689 3151 777 3209 regno
800 3132 919 3212 dignum
940 3145 1068 3210 putaret:
1099 3131 1146 3206 qni
1163 3117 1182 3223 ξ

195 3208 214 3242 “
226 3208 410 3284 meminisset,
423 3230 454 3269 se
467 3229 530 3269 esse
550 3211 639 3270 Prisci
663 3211 813 3288 Tarquinii
828 3213 937 3282 filium3
964 3213 1011 3287 qui
1035 3212 1146 3282 babere,
1162 3226 1168 3236 ·

194 3285 308 3362 “quim
332 3305 454 3364 sperare,
478 3309 598 3367 regnum
619 3291 722 3349 mallet.
765 3292 801 3350 si,
820 3303 850 3350 tu
872 3293 948 3359 ises,
969 3291 1016 3348 oui
1031 3292 1175 3364 nuptam?

196 3367 289 3424 “esse
303 3383 348 3424 nre
363 3368 489 3442 abitror,
503 3383 532 3427 et
545 3370 634 3428 virum
655 3383 685 3428 et
708 3389 804 3447 regem
825 3371 952 3447 appello:
981 3370 1025 3426 sin
1040 3369 1146 3439 minda,
1162 3355 1182 3435 Ξ

196 3444 260 3502 “sd
283 3461 361 3502 nuno
383 3445 468 3522 pejus
490 3459 597 3506 mutata
616 3461 660 3506 est
681 3467 736 3515 res,
758 3447 832 3523 qudd
854 3449 917 3506 istic
943 3465 1010 3504 oum
1036 3441 1181 3524 ignavie?-=

196 3527 270 3582 “est
288 3524 390 3582 scelus.
430 3525 512 3586 Quin
526 3527 708 3602 accingerist
737 3525 803 3584 Non
817 3527 868 3584 tibi
883 3527 919 3584 ab
931 3526 1077 3594 Corintho,
1092 3545 1148 3586 nac

197 3607 216 3642 ‘¹
229 3603 266 3662 ab
289 3601 463 3678 Tarquiniis,
488 3617 519 3662 ut
539 3605 610 3680 patri
633 3616 691 3672 tuo,
712 3605 862 3682 peregrina
883 3623 971 3682 regna
994 3605 1085 3664 moliri
1098 3623 1182 3670 rte-'o

196 3687 307 3742 “cesae
320 3695 371 3741 est.
412 3683 461 3740 Dii
481 3694 509 3741 te
531 3683 652 3742 Penates
675 3683 820 3760 patriique,
843 3696 873 3743 et
892 3685 979 3762 patris
1003 3685 1106 3762 imago,
1119 3693 1154 3744 et'

196 3763 328 3822 “domus
346 3763 435 3841 regia,
454 3763 534 3822 etio
557 3763 641 3822 domo
661 3764 755 3842 regale
776 3764 887 3834 solium
911 3776 940 3823 et
960 3783 1064 3824 nomen
1077 3764 1150 3826 Tar·
