2648 4338
19 1623 21 1696 i

493 367 598 422 arasa
614 367 660 422 nr.
692 377 804 422 aaa.
1064 358 1122 442 lot

169 509 296 592 “pulum
311 523 415 572 teneat
444 487 525 583 ⁰An,
546 513 569 572 si
590 513 690 572 eedem
705 512 846 590 superbit,
867 511 922 590 qul
942 513 1121 590 sponsionem

157 593 281 657 .“istam
296 589 494 670 expresserunt
507 591 588 651 nobis
609 591 761 665 Samnites,
782 593 943 670 coegissent
963 613 1014 652 nos
1037 595 1123 653 verba

168 671 328 748 “legitima
349 671 513 730 dedentium
538 673 622 729 urbes
644 687 818 747 nuncupare,
840 672 966 732 deditum
989 673 1122 750 populum

169 749 365 824 “Romanum
379 769 428 808 vos
441 750 548 828 tribuni
568 751 711 823 diceretis,
736 761 765 808 et
778 749 853 808 hano
877 751 985 826 urbem,
1009 751 1123 828 templa,

146 832 191 878 ⁵“
200 827 327 902 delubra,
348 827 429 906 fines,
449 849 545 905 aquas,
567 828 737 887 Samnitium
751 831 836 886 essel
877 830 986 888 Omitto
1007 831 1124 889 deditio-

169 911 191 944 “
202 927 279 976 nem,
293 909 425 983 quoniam
439 907 638 984 desponsione
652 908 762 984 agitur:
793 906 860 982 quid
884 909 1008 982 tandem,
1026 909 1050 966 si
1063 929 1124 985 spo·

170 985 407 1063 “pondissernus‚
435 987 533 1045 urbem
567 987 641 1044 hanc
670 987 833 1044 relicturum
862 989 995 1064 populum
1017 989 1123 1046 Roma·

170 1067 293 1124 “numi
315 1064 339 1123 si
353 1065 535 1124 incensurum
547 1067 559 1124 l
579 1066 602 1123 si
614 1065 801 1142 magistratus,
815 1065 838 1123 si
852 1077 991 1134 senatum,
1005 1068 1029 1124 si
1046 1067 1124 1145 leges

170 1149 259 1203 “non
274 1145 456 1204 habituruml
477 1145 501 1202 si
515 1143 569 1202 sub
581 1145 696 1222 regibus
709 1145 834 1202 futurum
846 1147 857 1202 l
891 1145 958 1202 ‘Dii
972 1145 1123 1224 melioral'

136 1233 161 1274 1⁰
171 1229 191 1262 “
200 1223 312 1298 inquis:
346 1223 422 1300 atqui
443 1243 501 1282 non
522 1223 675 1301 indignitas
687 1240 780 1282 rerum
802 1224 960 1300 sponsionis
979 1224 1124 1284 vinculum

171 1301 281 1360 “levat.
322 1301 436 1379 Siquid
450 1315 502 1372 est,
517 1303 546 1360 in
560 1323 615 1378 quo
628 1302 745 1382 obligari
764 1303 1000 1379 populusposait,
1024 1305 1053 1361 in
1067 1325 1125 1362 orn·

171 1382 251 1439 “nia
269 1393 380 1458 potest:
413 1391 442 1440 et
465 1401 502 1439 ne
524 1381 592 1439 illud
616 1382 740 1458 quidem,
761 1383 834 1458 quod
854 1382 988 1458 quosdam
1009 1382 1124 1442 forsitan

171 1465 192 1498 “
201 1472 321 1530 moveat,
335 1461 428 1530 refert,
441 1461 551 1534 consul,
565 1480 601 1518 an
616 1461 744 1533 dictator,
766 1481 802 1518 an
816 1474 915 1538 praetor
936 1463 1124 1538 spoponderit.
1206 1521 1207 1524 ,

172 1537 240 1597 “Et
254 1541 309 1598 lroo
323 1540 375 1616 ipsi
388 1540 473 1598 etiarn
489 1540 632 1598 Samnites
649 1539 857 1616 judicaverunt,
881 1537 982 1616 quibus
1002 1560 1059 1598 non
1073 1541 1126 1600 suit

136 1624 191 1668 1⁵“
201 1614 270 1676 satis
283 1619 415 1677 consules
428 1620 584 1696 spondere;
613 1619 664 1676 sed
686 1618 803 1696 legatos,
824 1631 984 1696 quaeatores,
999 1620 1125 1678 tribunos

172 1697 329 1769 “militum,
345 1699 482 1774 spondere
495 1704 659 1775 coegerunt.
699 1697 764 1755 Nec
778 1717 857 1756 ame
880 1717 964 1767 nuno⁴
979 1701 1124 1776 quisquam

171 1780 191 1816 ί*
199 1777 368 1852 quaesiverit,
382 1777 449 1852 quid
464 1777 503 1836 ita
516 1776 737 1854 spoponderim?
770 1797 857 1852 quum
880 1778 910 1836 id
932 1797 987 1836 neo
1001 1779 1126 1838 consulis

172 1857 246 1934 “jus
259 1867 351 1926 esset3
385 1875 441 1914 neo
461 1855 516 1913 illis
537 1856 675 1932 spondere
698 1875 808 1932 paoem,
830 1877 891 1932 quac
911 1857 968 1915 nrei
989 1877 1046 1915 non
1066 1871 1126 1916 erat

172 1941 192 1973 “
201 1935 318 2008 arbitrii,
338 1949 393 1992 nec
412 1953 463 2011 pro
482 1935 572 2007 vobis,
602 1934 650 2010 qui
680 1934 750 1992 nihil
771 1936 984 2006 mandaveratis,
1005 1955 1125 2012 possem.

135 2019 192 2076 Μ
202 2014 282 2072 Nihil
303 2015 339 2071 ad
359 2013 511 2086 Caudium,
536 2013 633 2072 Patres
661 2013 821 2090 conscripti,
850 2015 981 2072 humanis
1001 2015 1126 2073 consiliis

173 2099 193 2132 “
201 2104 312 2170 gestum
326 2103 378 2151 ast.
418 2092 467 2150 Dii
482 2092 653 2166 immortales
666 2103 696 2150 et
708 2093 808 2164 vestris,
829 2103 858 2150 et
872 2093 993 2151 hostium
1008 2094 1127 2170 impera·

173 2177 193 2212 “
204 2173 311 2232 toribus
331 2183 456 2230 mentem
472 2172 657 2230 ademerunt:
685 2191 741 2240 nec
763 2189 815 2230 nos
835 2171 864 2229 in
886 2172 959 2230 bello
972 2173 1039 2231 satis
1053 2175 1127 2233 cavi·

173 2257 193 2291 ‘⁴
203 2271 267 2310 mus
280 2271 288 2321 3
309 2263 339 2310 et
349 2251 389 2308 illi
403 2251 475 2308 malr?
489 2261 598 2327 partam
611 2250 755 2308 victoriam
765 2249 839 2308 malai
853 2251 1044 2328 perdiderunt,
1058 2253 1126 2311 dum

173 2331 248 2389 “vix
261 2329 339 2402 locis,
354 2330 456 2406 quibus
469 2330 603 2400 vicerant,
628 2331 758 2398 credunt,
783 2330 850 2387 dum
869 2331 1046 2408 qudcumque
1060 2351 1127 2390 con·

138 2414 193 2470 as“
202 2410 309 2468 ditione
323 2429 401 2467 arma
418 2409 485 2467 viris
506 2409 535 2466 in
557 2427 635 2466 arma
658 2409 732 2466 natis
753 2409 863 2470 auferre
884 2410 1026 2469 festinant.
1067 2411 1126 2484 An,

174 2493 193 2528 “
201 2489 225 2546 si
238 2509 308 2546 sana
320 2507 401 2546 mens
415 2488 522 2555 luisset,
536 2487 651 2545 difficile
665 2487 720 2546 illis
740 2488 801 2562 luit,
816 2487 883 2546 dum
897 2509 980 2548 senes
994 2490 1030 2547 ab
1043 2490 1127 2548 domo

174 2573 193 2607 ‘⁴
203 2568 239 2626 ad
253 2565 470 2626 consultandum
484 2579 640 2640 arcessunt,
653 2567 764 2624 mittere
778 2567 900 2626 Romam
914 2567 1039 2646 legatosl
1060 2587 1125 2626 oum

175 2651 316 2720 “senatu,
331 2665 396 2704 oum
410 2645 523 2724 populo,
543 2647 579 2703 de
599 2665 670 2723 pace
693 2665 727 2704 ac
748 2647 852 2722 soedere
873 2649 983 2724 agerel
1023 2647 1126 2706 Tridui

175 2725 257 2784 “iter
270 2725 410 2802 expeditis
424 2735 499 2782 erat:
521 2723 629 2782 interea
648 2725 677 2782 in
699 2725 822 2782 induciis
838 2745 882 2783 res
903 2726 1009 2794 luisset,
1034 2725 1127 2784 donec

142 2809 195 2864 ao“
203 2805 239 2862 ab
254 2803 446 2880 Romilegati
467 2813 516 2860 aut
535 2802 748 2860 victoriam‘illis
768 2821 885 2871 certam,
906 2816 954 2862 aut
966 2823 1066 2880 pacem
1087 2805 1127 2862 ai-

175 2889 195 2923 ‘⁶
203 2883 315 2942 ferrent.
356 2881 400 2942 Ea
413 2883 527 2940 demum
542 2883 654 2957 sponsio
667 2892 751 2954 esset,
769 2901 852 2958 quarn
865 2883 960 2960 populi
971 2883 1052 2960 jussu
1065 2903 1127 2960 spo-

175 2963 408 3040 “pondisssmus
448 2961 506 3018 Sed
520 2978 612 3036 neque
637 2979 684 3018 roa
704 2960 847 3029 tulissetis,
866 2981 921 3019 neo
944 2981 996 3020 uos
1009 2981 1126 3039 spopon-

176 3042 361 3100 “dissemus:
382 3059 436 3099 nec
450 3039 492 3098 sas
506 3039 558 3097 fuit
571 3039 656 3097 aliurn
671 3059 763 3098 rerum
784 3041 890 3098 exitum
911 3059 983 3110 esse,
997 3041 1080 3116 quim
1096 3053 1127 3101 ut

175 3121 253 3189 “illi‚
268 3120 344 3178 velut
366 3119 475 3178 somnio
497 3118 611 3190 laetiore,
633 3120 716 3194 quim
736 3120 809 3193 quod
830 3130 940 3177 mentes
963 3139 1060 3179 eorum
1080 3141 1127 3180 ca·

143 3215 167 3260 ta
176 3204 270 3278 “pere
289 3209 413 3276 possent,
426 3197 616 3274 nequidquam
636 3198 835 3256 eluderentur:
866 3209 895 3256 et
906 3210 1033 3266 nostrum
1047 3219 1126 3260 exer·

176 3279 291 3338 “citum
304 3277 414 3344 eadem,
428 3295 490 3352 quae
501 3275 676 3352 impedierat,
698 3277 809 3335 fortuna
829 3278 990 3353 expediret;
1024 3299 1125 3338 vanarn

176 3358 348 3416 “victoriam
368 3355 464 3414 vanior
477 3354 585 3413 irritam
597 3354 703 3414 faceret
715 3375 789 3432 pax:
810 3357 923 3433 sponsio
936 3357 1125 3436 interponere·

176 3441 257 3506 “tur,
280 3455 343 3514 quaa
356 3434 510 3504 neminem,
533 3444 633 3512 proeter
653 3453 825 3511 sponsorem,
840 3435 990 3513 obligaret.
1042 3436 1124 3498 Quid

175 3515 446 3586 “enimvobiscum,
468 3511 566 3572 Patras
588 3513 750 3590 conscripti,
766 3515 833 3590 quid
855 3533 921 3573 curn
940 3516 1042 3592 populo
1064 3514 1125 3572 Ro·

144 3600 288 3654 ⁴t“mano
309 3605 404 3654 actum
427 3595 490 3652 esti
519 3593 581 3670 quis
601 3611 650 3652 vos
672 3593 811 3670 appellare
828 3595 942 3671 potasti
973 3593 1086 3668 quisse
1106 3611 1125 3652 a
1150 3623 1151 3626 ¹

175 3674 282 3732 “vobis
295 3674 390 3732 dicere
410 3673 582 3750 deceptant
614 3673 724 3732 hostisl
759 3693 794 3732 au
816 3674 908 3732 cirisi
948 3669 1031 3730 Hosti
1051 3671 1123 3730 nihil

175 3757 194 3792 ‘⁶
203 3753 410 3829 spopondistis:
431 3753 522 3811 civem
535 3751 678 3810 nerninem
692 3754 829 3829 spondere
843 3772 893 3830 pro
902 3750 980 3808 robis
990 3749 1122 3826 jussistis.

161 3831 230 3892 “‘N
234 3832 283 3890 ihil
297 3850 364 3911 ergo
374 3831 520 3891 vobis-nec
530 3830 677 3890 uobiscum
688 3843 740 3902 est,
751 3832 852 3908 quibus
862 3829 932 3889 nihil
945 3829 1121 3901 nondecim
