2646 4340
416 362 519 412 ursan
536 325 681 414 xxxma.
702 377 763 414 aas.
775 375 823 412 ιιι.
1056 365 1112 426 261

168 501 335 578 “Quirites
348 525 413 584 cum
428 495 589 564 Hannibale
609 517 637 570 et
651 501 942 582 Carthaginiensibus,
956 505 1044 582 signis
1057 508 1115 566 col·

167 581 269 651 “latis,
284 584 311 641 in
329 585 428 642 Africis
441 586 512 642 bene
536 606 569 642 ac
592 585 708 642 feliciter
733 585 864 660 pugnavi.
906 583 1013 660 ltaque,
1026 605 1130 662 quum·

167 671 186 699 ‘⁶
195 659 280 720 hodie
294 657 389 720 litibus
397 673 430 730 ¹et
438 665 537 741 jurgiis
551 663 726 740 supersederi
746 681 855 738 equum
867 661 911 731 sit,
925 683 977 740 ego
987 664 1053 721 hinc
1064 685 1114 722 ex·

165 741 304 817 “templo
313 741 340 798 in
356 743 524 818 Capitolium
534 744 567 800 ad
578 743 677 800 Jorem
689 742 835 818 Optimum
848 741 1014 810 Maximum,
1026 743 1127 804 Juao'

142 828 187 874 ν*
196 835 315 894 nemque
335 833 364 878 et
386 821 551 892 hlinervam,
565 835 734 896 caeterosque
754 821 839 887 Deos,
854 820 900 894 qui
923 821 1061 896 Capitolio
1074 833 1115 879 at-

166 907 249 973 “que
263 900 321 956 arci
334 901 493 979 president,
513 900 674 958 salutandos
688 901 752 957 ibo:
783 899 879 974 his'que
899 901 1003 976 gratias
1023 919 1113 978 agam,

166 975 269 1052 “qubd
285 977 353 1035 mihi
367 991 395 1036 et
409 981 462 1036 hoc
477 980 537 1054 ipso
550 980 606 1051 die,
626 991 655 1036 et
668 997 741 1054 saepe
756 976 835 1048 alitis,
847 979 959 1054 egregie
983 979 1023 1036 rei
1046 979 1115 1059 pub·

166 1054 257 1112 “licae
271 1059 401 1132 gerendae
423 1070 544 1116 mentem
567 1057 781 1132 facultatemque
795 1057 940 1113 dederunt.
968 1057 1113 1123 ‚V'estnlm

166 1142 304 1209 “quoque
325 1138 425 1211 quibus
445 1138 624 1194 commodum
651 1149 703 1202 est.
725 1133 762 1193 ite
783 1155 906 1207 mecum,
925 1134 1063 1207 Quirites,
1085 1147 1115 1194 et

131 1227 156 1268 to
166 1221 273 1270 “orate
288 1215 371 1281 Deos,
393 1227 423 1272 ut
436 1216 490 1274 mei
506 1215 611 1282 similes
628 1215 768 1291 principes
790 1215 933 1287 habeatis:
966 1215 1013 1286 ita,
1034 1215 1057 1272 si
1078 1215 1114 1274 ab

166 1299 185 1327 ‘⁴
194 1293 276 1348 annis
289 1294 488 1368 septemdecim
501 1295 537 1351 ad
553 1307 726 1352 senectutem
741 1299 851 1370 semper
872 1312 919 1350 ros
933 1303 1041 1350 aetatem
1057 1311 1114 1350 me·

165 1373 238 1426 “am
261 1370 412 1429 honoribus
426 1373 523 1429 vestris
543 1375 679 1444 autentis,
701 1391 754 1448 ego
776 1383 879 1428 vestros
893 1373 1012 1428 honores
1032 1372 1115 1430 rebus

165 1450 327 1524 “gerendis
341 1452 515 1526 praecessi.”¹
536 1453 582 1508 Ab
596 1451 707 1509 Rostris
722 1454 750 1508 in
765 1450 933 1526 Capitolium
947 1451 1113 1507 adscendit:

164 1526 247 1583 simul
261 1547 291 1584 se
313 1529 442 1586 universa
462 1531 572 1597 concio,
583 1531 691 1598 avertit,
712 1542 739 1587 et
761 1542 859 1586 secuta
876 1529 1037 1605 Scipionem
1051 1539 1095 1587 est
1105 1549 1113 1600 ;

129 1619 155 1660 1⁵
165 1603 249 1675 ade'b,¹
259 1617 289 1664 ut
302 1603 440 1682 postremi}
454 1611 553 1674 scribae
578 1611 750 1684 viatoresque
774 1609 900 1666 tribunos
914 1608 1114 1683 relinquerent,

164 1701 219 1740 nec
233 1704 297 1742 eum
313 1687 355 1755 iis,
375 1700 473 1762 praeter
494 1689 622 1756 servitem,
646 1689 819 1759 comitatum,
839 1699 868 1744 et
887 1705 1045 1763 praeconem
1066 1687 1114 1762 qui

164 1781 243 1832 reum
257 1783 292 1821 ex
308 1765 417 1822 Rostris
430 1766 544 1838 citabat,
557 1768 702 1842 quisquam
717 1777 798 1824 esset.
829 1767 934 1842 Scipio,
946 1785 1002 1824 non
1018 1766 1046 1823 in
1061 1765 1115 1823 Ca·

163 1841 261 1916 pitolio
274 1843 367 1914 modd,
382 1845 430 1902 sed
446 1864 494 1920 per
508 1857 592 1902 totam
606 1845 712 1914 urbem,
726 1845 932 1920 omnia'templa
943 1843 1037 1902 Dedm
1048 1863 1113 1901 cum

163 1920 265 1996 populo
278 1921 410 1980 Romano
422 1925 572 1982 circumiit.
614 1923 787 1980 Celebratior
802 1923 825 1978 is
848 1923 931 1998 prope
946 1923 1006 1978 dies
1021 1922 1113 1979 lavore

127 2014 154 2056 aa
165 1996 309 2056 hominum
322 2003 351 2058 'et
365 2003 549 2060 aestimatione
564 2022 635 2060 verae
656 2001 859 2078 magnitudinis
877 2001 938 2077 ejus
953 2000 1013 2067 luit,
1028 1999 1113 2076 quarn

162 2095 218 2152 quo
232 2079 406 2154 triumphans
424 2082 459 2138 de
481 2081 610 2158 Syphace
630 2100 697 2157 rege
717 2093 746 2138 et
766 2079 1047 2158 Carthaginiensibus
1062 2078 1102 2137 Ur

162 2155 227 2210 bern
239 2169 281 2224 est
295 2157 430 2228 invectus.
971 2171 973 2178 '

201 2309 266 2369 LII.
289 2311 347 2372 llic
367 2315 510 2389 speciosus
529 2315 644 2374 ultimus
658 2315 718 2374 dies
732 2313 763 2372 P.
780 2314 904 2390 Scipioni
919 2313 1027 2372 illuxit:
1049 2324 1112 2390 post

160 2409 243 2466 quem
265 2411 348 2468 quum
372 2394 503 2451 invidiam
525 2409 553 2452 et
573 2395 727 2470 certamina
748 2411 814 2450 curn
835 2393 955 2451 tribunis
973 2395 1113 2470 prospice·

126 2481 212 2536 naret,
228 2471 281 2527 die
295 2471 419 2548 longiore
430 2469 568 2556 prodictal,
590 2475 617 2531 in
640 2471 816 2552 Literninum
837 2473 999 2541 concessit3
1033 2484 1112 2530 certo

160 2549 288 2624 consilio,
303 2569 339 2607 ne
354 2551 388 2608 ad
402 2569 516 2610 causam
530 2553 680 2610 dicendam
696 2554 814 2610 adesset.
856 2551 947 2626 Major
958 2552 1069 2607 animus
1082 2563 1112 2607 et

160 2628 262 2684 natural
275 2642 342 2699 erat,
357 2649 391 2687 ac
406 2631 503 2706 majori
528 2631 644 2688 fortuna
669 2644 805 2696 assuetus,
827 2629 910 2704 quarn
927 2641 956 2686 ut
971 2648 1034 2685 reus
1048 2647 1111 2685 esse
1186 2633 1188 2640 '

159 2706 254 2775 sciret,
276 2718 305 2764 et
324 2703 488 2766 submitter'e
502 2729 531 2766 se
547 2710 575 2766 in
597 2710 782 2766 humilitatem
807 2725 921 2764 causam
943 2707 1109 2764 dicentium.

159 2783 216 2841 Ubi
230 2785 291 2843 dies
305 2785 388 2857 venit,
403 2788 538 2862 citarique
552 2788 653 2844 absens
677 2787 719 2844 est
742 2799 859 2862 creptos,
885 2786 917 2843 L.
930 2783 1026 2860 Scipio
1040 2803 1111 2842 mor·

124 2862 227 2927 „burn
242 2884 335 2923 causae
348 2885 420 2935 esse,
445 2869 495 2922 chr
508 2866 630 2931 abesset,
652 2867 824 2922 excusabat:
855 2883 938 2940 quarn
954 2864 1112 2921 excusatio-

159 2960 226 2999 nem
239 2963 325 3020 quum
340 2944 453 3016 tribuni,
468 2945 514 3020 qui
529 2944 603 3001 diem
618 2945 755 3012 dixerant,
777 2965 833 3002 non
848 2944 1019 3019 acciperent,
1033 2953 1062 3000 et
1075 2943 1111 2999 ab

159 3021 260 3080 eadem
275 3024 402 3098 superbit
417 3043 473 3082 non
489 3024 583 3080 venire
607 3025 641 3080 ad
657 3021 769 3081 cansam
785 3024 933 3080 dicendam
949 3033 1110 3097 arguerent,

158 3100 215 3174 quai
226 3101 366 3178 judicium
388 3114 417 3159 et
437 3103 564 3160 tribunos
586 3103 675 3178 plebis
695 3115 723 3159 et
743 3103 908 3159 concionem
931 3101 1109 3175 reliquisset;

159 3189 198 3244 et,
212 3182 313 3256 quibus
324 3181 370 3257 jus
384 3182 419 3238 de
434 3201 464 3238 se
478 3181 607 3238 dicende
621 3181 768 3238 sentenliae
778 3193 806 3241 et
820 3180 974 3236 libertatem
990 3180 1110 3238 ademis-

124 3268 209 3327 aeset,
225 3260 268 3318 his
281 3260 439 3326 comitatus,
454 3261 529 3317 velut
542 3271 638 3334 captos
652 3261 775 3331 trahens,
790 3259 958 3334 triumphum
973 3258 1009 3314 de
1023 3277 1110 3335 popu·
1146 3299 1150 3308 .

159 3334 187 3391 lo
200 3337 331 3396 Romano
345 3338 457 3414 egisset,
472 3339 715 3412 secessionemque
736 3357 770 3394 eo
790 3337 836 3394 die
858 3337 885 3393 in
908 3336 1077 3413 Capitolium
1092 3353 1109 3392 a

159 3414 279 3473 tribunis
299 3417 389 3494 plebis
415 3417 549 3474 lecisset:
574 3427 609 3478 ,“
620 3417 739 3474 Habetis
764 3433 831 3490 ergo
852 3417 1015 3474 temeritatis
1035 3413 1108 3470 illius

158 3495 359 3554 “mercedem
399 3495 469 3562 Quo
490 3497 563 3553 duce
587 3507 615 3552 et
638 3508 752 3553 auctore
773 3513 824 3552 nus
844 3493 1001 3570 reliquistis,
1018 3492 1054 3548 ab
1074 3510 1109 3549 eo

101 3633 102 3642 ,
158 3573 241 3649 “ipsi
256 3575 345 3634 relicti
359 3575 444 3635 estis:
478 3587 506 3633 et
520 3585 628 3632 tantum
650 3575 806 3631 animorum
831 3573 860 3631 in
885 3575 945 3630 dies
959 3569 1039 3628 noln's
1059 3569 1108 3627 de·

125 3654 177 3717 ta“
189 3654 302 3720 crescit,
317 3667 356 3720 ut,
371 3657 513 3732 adquam,
528 3665 593 3711 ante
614 3673 703 3712 aurius
721 3653 932 3727 septemdecim,
953 3648 1106 3706 exercitum

158 3734 218 3788 “et
230 3732 348 3788 classem
373 3735 531 3804 habentem,
557 3733 682 3790 tribunos
703 3732 791 3808 plebis
813 3731 976 3802 ardrlemque
997 3727 1107 3784 mittere

158 3813 177 3847 ‘⁶
190 3811 218 3869 in
234 3811 360 3868 Siciliam
375 3814 434 3870 ausi
449 3825 556 3884 snmus,
574 3811 619 3886 qui
634 3811 842 3888 prehenderent
855 3826 929 3877 eum,
942 3819 971 3864 et
984 3806 1107 3868 Romam
