2642 4338
469 350 636 402 erasnm.
657 361 774 404 omn.
1073 337 1131 416 sn

154 489 268 562 “rents
303 494 441 570 graviora,
467 515 529 570 que
556 495 707 573 patiantur,
737 495 826 556 videri
850 495 910 574 jam
940 495 1113 571 hominibus,

155 567 348 646 “qubmquae
362 575 543 642 metuant.'’,
640 600 644 608 ·

196 726 262 786 XL.
295 729 368 804 Hrsc
382 732 552 792 vociferante
567 734 695 804 Horatio,
716 753 801 810 quum
815 735 968 794 decemviri
989 755 1044 794 nec
1065 736 1114 796 irat

155 823 213 864 nec
227 807 396 884 ignoscendi
417 814 532 872 modum
546 814 712 890 reperirent,
726 833 790 886 nec,
805 812 859 890 qud
873 833 991 872 evasura
1011 835 1056 874 res
1069 819 1114 875 esi

21 877 23 952 i
111 896 210 954 eset,
238 902 406 961 cernerent;
438 893 473 950 ’0.
496 892 620 960 Claudii,
640 893 688 969 qui
708 905 825 970 patruus
852 893 937 970 Appii
958 895 1113 954 decemviri

155 978 226 1036 erat,
241 968 331 1027 oratio
352 971 404 1029 fuit
426 973 566 1048 precibus,
581 971 665 1048 quiam
683 971 787 1050 jurgio,
808 971 916 1042 similis,
937 975 1043 1034 orantis
1063 993 1113 1050 per

155 1045 201 1102 sui
214 1046 306 1106 fratris
320 1051 498 1126 parentisque
512 1052 573 1129 ejus
587 1069 703 1123 manes3
734 1057 753 1088 “
762 1051 800 1126 Ut
812 1051 904 1109 civilis
918 1053 1010 1128 potius
1024 1054 1114 1112 socie·

155 1127 175 1206 *ξ
184 1126 262 1195 tatis,
284 1127 313 1186 in
337 1133 489 1205 qud'natus
508 1142 592 1200 esset,
613 1131 827 1208 qudmlsoederis
849 1131 955 1190 riesarid
975 1125 1025 1192 icti
1046 1153 1112 1194 cum

155 1205 311 1282 “collegis,
343 1211 536 1268 meminisset:
571 1209 658 1268 muitd
687 1212 715 1272 id
747 1211 837 1288 magis
868 1229 898 1268 se
929 1210 1113 1272 iltiuscausa

122 1285 275 1357 ro“orere,
296 1287 380 1362 quem
400 1289 572 1366 reipnbiice.
612 1290 729 1366 Quippe
750 1289 964 1366 rempublicam,
985 1291 1008 1348 si
1032 1311 1048 1350 a
1069 1312 1114 1352 ve·

155 1363 308 1423 “lentibus
335 1384 467 1443 nequeat,
497 1369 647 1428 abieritis
671 1371 718 1447 jus
747 1371 942 1446 expetiturum.
999 1370 1056 1428 Sed
1077 1391 1113 1430 ex

155 1445 289 1520 “magno
309 1448 464 1514 certamine
495 1467 613 1526 magnas
642 1450 759 1508 excitari
788 1449 877 1507 serme
905 1449 980 1518 iras3
1014 1469 1113 1508 earum

155 1527 317 1582 “eventum
338 1546 369 1584 se
391 1528 531 1586 horrere.”
571 1529 673 1590 Quum
693 1529 780 1601 aliud,
794 1539 978 1605 preterquam
999 1528 1113 1606 dequo

155 1602 328 1673 retulissent,
353 1605 505 1665 decemviri
526 1609 622 1666 dicere
642 1609 833 1685 prohiberent,
856 1607 1007 1666 Claudium
1028 1609 1114 1667 inter·

19 1763 20 1770 ἵ
122 1682 279 1758 repellendi
294 1686 466 1744 verecundia
479 1686 538 1745 suit.
561 1741 564 1750 ,
581 1688 757 1746 Sententiam
772 1687 857 1764 igitur
868 1687 987 1764 peregit,
1002 1687 1111 1746 nulium

154 1762 268 1838 placere
281 1767 566 1828 senatus-consultum
580 1767 650 1824 fieri.
691 1763 855 1842 Omncbque
870 1767 911 1824 ita·
921 1767 1111 1844 accipiebant,

154 1841 277 1917 privatos
290 1863 339 1901 eos
353 1853 370 1901 'a
384 1845 506 1904 Claudio
516 1846 676 1922 judicatos;
708 1846 843 1922 multique
867 1865 903 1903 err
916 1847 1112 1906 consularibus

132 1921 241 1978 -rerbo
264 1925 371 1982 assensi
393 1937 466 1984 sunt.
516 1925 582 1987 ntia
605 1925 755 1992 sententia,
776 1925 898 2001 asperior
922 1925 952 1982 in
975 1925 1111 2000 speciem,

19 2043 22 2074 ,
156 1999 212 2057 rim
227 2002 365 2060 minorem
390 2002 532 2080 aliquante
553 2004 661 2072 habuit,
674 2023 737 2079 que
750 1999 883 2080 patricios
903 2004 980 2061 coire
994 2004 1030 2062 ad
1051 2005 1113 2082 pro·

18 2127 20 2140 2
120 2079 281 2145 audendum
297 2083 466 2159 interregem
484 2083 620 2160 jubebat:
635 2111 636 2116 ¹
654 2084 799 2140 censendo
812 2083 899 2150 enim,
918 2101 1111 2160 quoscumque

18 2171 20 2196 ⁶
154 2160 336 2235 magistratus
356 2181 428 2230 esse,
459 2163 507 2239 qui
527 2176 656 2222 senatum
678 2158 824 2236 haberent,
842 2162 1008 2239 judicabat3
1042 2182 1112 2238 quos
1170 2189 1172 2192 ·

154 2237 412 2314 privatos'secerat
439 2256 537 2300 auctor
567 2242 672 2318 nullius
699 2241 947 2300 senariis-consulti
978 2241 1111 2301 faciendi.

155 2317 201 2375 lta
213 2320 326 2378 labante
338 2321 396 2395 jam
411 2323 498 2380 cnusd
518 2322 751 2396 decemvirorum,
770 2321 803 2379 L.
818 2321 968 2390 Cornelius
989 2321 1113 2399 Malugi-

154 2400 260 2469 nensis,
276 2399 317 2457 Μ.
333 2401 457 2458 Cornelii
473 2402 624 2460 decemviri
649 2402 743 2476 irater,
757 2421 843 2478 quum
857 2421 893 2458 cr
915 2401 1112 2460 consularibus

119 2476 195 2542 ,sad
207 2477 465 2554 uitinrumdicendi
479 2481 572 2539 iocum
587 2480 717 2556 consului
737 2493 863 2540 servatus
876 2493 960 2554 esset,
975 2481 1111 2540 simulan-

127 2588 132 2594 ·
153 2555 192 2612 do
205 2578 304 2628 euram
321 2559 395 2630 belii,
410 2559 522 2618 fratrem
537 2561 714 2637 collegasque
722 2561 784 2637 ejus
795 2561 944 2618 tuebatur:
959 2564 977 2596 “
988 2579 1110 2635 quonam

154 2637 173 2668 “
183 2635 241 2695 sato
255 2639 410 2709 incidisset,
435 2641 529 2698 mirari
543 2641 604 2710 se,‘’
629 2640 771 2707 dictitans,
782 2641 783 2645 ’
793 2645 810 2674 “
822 2651 852 2697 ut
865 2639 1048 2708 decemviros,
1062 2637 1111 2714 qui

154 2717 173 2749 “
183 2717 404 2776 decemviratum
414 2719 560 2794 petissent,
570 2731 618 2777 aut
629 2719 725 2798 [socii]
736 2737 784 2776 aut
794 2721 822 2776 hi
831 2717 956 2776 maxime
967 2735 1112 2794 oppugna·

154 2796 174 2830 “
183 2808 262 2854 rent:
285 2809 333 2855 aut
345 2799 412 2872 quid
428 2794 474 2866 ita',
488 2818 574 2874 quum
589 2818 637 2874 per
651 2811 692 2855 tot
701 2818 820 2866 menses,
831 2799 920 2854 vacui
930 2797 1052 2866 civitate,
1062 2813 1111 2856 ue·-

120 2899 146 2940 ω
154 2877 173 2909 “
183 2896 239 2942 mo,
246 2876 352 2952 justine
362 2877 539 2953 magistratus
548 2895 664 2934 summe
674 2895 765 2934 rerum
778 2887 942 2952 preessent,
954 2889 1112 2936 controver-

157 2956 175 2992 “
185 2955 257 3014 siem
271 2955 386 3026 fecerit}
409 2975 485 3016 nunc
500 2958 625 3030 demum,
649 2975 738 3031 quum
760 2951 952 3033 bostespr‘opd
967 2955 1002 3012 ad
1017 2966 1110 3031 pertas

157 3039 175 3072 ‘⁶
184 3035 250 3106 sint,
264 3036 362 3093 civiles
375 3035 530 3094 discordias
543 3049 657 3114 serant:
690 3035 744 3094 uisi
758 3035 834 3111 qudd
849 3035 877 3092 in
892 3033 1004 3092 turbido
1017 3033 1111 3094 mimis

155 3118 175 3150 “
183 3115 364 3191 perspicuum
380 3116 437 3174 sore
456 3127 564 3192 putent,
580 3115 646 3191 quid
661 3121 768 3192 agatur.
810 3115 953 3172 Caeterrim
967 3115 1111 3174 neminem

154 3194 289 3271 “majore
310 3193 380 3253 cur‘d
393 3196 539 3271 occupatis
560 3195 671 3261 animis,
702 3213 798 3252 verum
819 3212 891 3265 esse,
912 3192 1110 3270 praejudicium

18 3351 20 3356 ,
120 3274 224 3338 astrei
245 3287 329 3332 tantae
351 3274 458 3340 afferre.
514 3274 574 3332 Sibi
595 3274 716 3348 placere,
745 3274 780 3330 de
801 3274 946 3348 eo,·quod
978 3274 1110 3334 Valerius

154 3353 372 3430 “Horatiusque
387 3365 451 3410 ante
467 3352 539 3410 Idus
550 3352 641 3428 Majas
654 3352 828 3422 decemviros
839 3351 937 3418 abisse⁴
945 3355 1109 3430 magistratu

155 3433 357 3504 “insimulent,
370 3431 460 3504 bellis,
480 3429 542 3507 qu'ae
564 3431 739 3502 immineant,
748 3431 898 3512 perfectis,
914 3434 1059 3510 republicis
1081 3433 1109 3488 iu

155 3513 365 3588 “tranquillum
379 3505 616 3584 redactd,'senatd
631 3511 815 3586 disceptante,
830 3511 894 3588 agi:
922 3513 1019 3588 etjam
1032 3529 1109 3568 nunc

155 3594 223 3652 “ita
236 3612 374 3669 separare
396 3595 451 3668 Ap.
466 3591 628 3658 Claudium,
651 3603 682 3656 ut
703 3591 890 3659 comitiorum,
912 3611 974 3667 quae
996 3592 1109 3646 decern-

123 3675 176 3734 to“
186 3673 252 3730 viris
266 3672 396 3730 creandis
408 3673 551 3734 decemvir
565 3674 624 3747 ipse
645 3671 876 3750 habueritsciat
896 3671 948 3728 sibi
970 3668 1108 3726 rationem

155 3751 357 3811 “reddendam
378 3771 449 3820 esse,
475 3751 614 3812 etnim-in
637 3771 723 3808 unum
736 3751 851 3808 ¹annum
873 3748 960 3808 creati
981 3748 1047 3818 sint,
1072 3766 1108 3806 au

156 3833 276 3890 “donee
297 3830 384 3908 leges,
404 3850 466 3907 qure
492 3832 632 3900 deessent,
653 3831 850 3906 perferrentur.
873 3905 874 3910 η
905 3827 940 3884 In
960 3827 1109 3903 praesentit
