2648 4340
210 290 248 350 ιιι
399 251 405 267 ’
597 290 665 340 ciii
681 291 763 340 nivii

211 440 230 467 “
243 429 372 492 homines
397 451 462 490 cuni
489 433 650 509 hominibus
673 434 839 510 sangninem
853 444 985 509 otgerius
1008 433 1136 492 miscere.
1138 435 1155 463 '¹

209 505 360 584 Nusquam
374 511 497 588 benigne
510 501 613 588 legatio
626 513 721 569 audita
731 523 790 568 est:
804 511 874 568 adeo
886 512 968 568 simul
977 513 1156 602 spernebant,

209 588 291 644 simul
307 599 411 646 tantarii
433 590 462 646 iii
480 591 572 648 medio
593 602 768 648 crescentem
790 591 890 647 molem
912 591 964 646 sibi
986 609 1020 647 ac
1040 592 1157 664 posteris

209 667 267 723 suis
281 668 450 726 metuebant.
492 671 520 726 A
533 657 671 744 plerisque
685 669 869 744 rogitantibus
880 669 1019 738 dimissis
1023 669 1156 744 ‘Ecquod

210 743 362 802 ‘foeminis
374 765 483 821 quoque
497 748 604 822 asylum
618 747 811 822 aperuissent?
825 747 861 803 id
866 749 943 814 enini
954 715 1067 804 deinum
1082 767 1158 805 com·
1177 765 1191 804 a

210 833 229 860 “
241 843 290 898 par
304 825 477 882 connubium
491 826 557 884 sore.
559 825 578 854 ''
620 824 707 902 AEgrc
721 825 750 882 id
764 825 896 882 Romana
908 826 997 901 pubes
1010 845 1105 900 passa3
1129 838 1158 883 et

211 902 285 959 haud
300 902 386 959 dubie
401 904 473 960 ad
450 923 504 962 vim
525 915 651 978 spectare
665 923 710 962 res
730 904 831 978 coepit:
852 905 908 960 ciii
921 916 1031 994 tenipus
1052 904 1158 961 locum'·

176 999 264 1053 ,que
286 993 381 1056 aptum
393 993 427 1069 ut
439 983 518 1040 daret
539 983 687 1056 Romulus,
702 982 897 1063 aegritudinem
919 983 1006 1038 animi
1030 983 1158 1040 dissimu-

210 1059 282 1132 lans,
295 1060 376 1116 ludos
393 1076 430 1116 ex
445 1061 581 1118 industris
602 1073 689 1135 parat,
703 1061 838 1136 Neptuno
854 1057 988 1134 Equestri
1010 1061 1182 1118 solennes
1278 1109 1281 1116 .

210 1137 363 1196 Consualia
376 1145 464 1208 vocat.
507 1139 600 1196 Indici
613 1140 715 1196 deinde
724 1139 850 1196 finitimis
859 1139 1050 1214 spectaculum
1059 1141 1155 1214 J'ubet:
1167 1155 1191 1192 io

85 1219 100 1232 ”
151 1271 153 1276 ,
209 1225 368 1292 quantoque
390 1228 520 1294 apparatu
548 1218 606 1292 iiim
633 1219 769 1289 sciebant,
795 1229 843 1274 aut
868 1229 1005 1293 poterant,
1028 1219 1158 1274 concele-

208 1294 309 1363 ,brant3
339 1307 369 1352 ut
392 1315 450 1352 rem
467 1297 581 1354 ,claram
598 1303 600 1308 ’
615 1304 859 1372 exspectatamque
885 1297 1018 1352 facerent.
1073 1295 1156 1353 Multi

211 1375 340 1430 mortales
365 1375 533 1444 convenere,
560 1376 652 1432 studio
677 1376 761 1431 etiarn
795 1375 922 1432 videndae
948 1391 1026 1431 novae
1059 1375 1156 1444 urbis3

209 1452 332 1509 maxime
353 1453 473 1527 proximi
496 1454 608 1528 quique,
624 1454 817 1518 Caeninenses,
839 1453 1024 1520 Crustumini,
1035 1449 1157 1510 'Antem-

208 1541 296 1586 nates
346 1531 409 1588 Jain
433 1532 599 1591 Sabinorum
621 1533 713 1588 omnis
733 1531 893 1603 multitudo,
912 1551 977 1588 curii
1003 1531 1099 1588 liberis
1122 1546 1190 1588 acis

209 1609 384 1684 conjugibus,
398 1611 489 1668 venit:
504 1611 612 1667 invitati
625 1610 794 1685 hospitaliter
802 1629 851 1685 per
860 1611 957 1667 domos
960 1628 1059 1700 ‚quum
1071 1612 1155 1667 situm

209 1689 367 1762 moeniuque
389 1700 417 1744 et
438 1671 611 1762 frequentem
633 1689 714 1745 tectis
728 1689 825 1746 urbem
845 1689 987 1760 vidissent,
1009 1687 1191 1792 mirantur,3

208 1777 264 1822 tam
280 1766 354 1822 brevi
369 1785 427 1824 rem
443 1767 602 1824 Romanam
624 1769 754 1824 crevisse.
794 1767 850 1825 Ubi
871 1734 1024 1842 spectaculi
1046 1759 1189 1866 tempus}
1213 1831 1220 1840 ⁸

209 1845 294 1912 venit,
309 1844 509 1935 deditaeque
478 1866 513 1902 eo
526 1857 635 1902 mentes
658 1865 723 1902 cuin
737 1846 827 1903 oculis
847 1857 936 1908 erant,
950 1857 1010 1901 tuin
1024 1865 1059 1901 eii
1079 1855 1188 1922 coin-j,

207 1923 296 2013 posito
309 1939 369 1980 orta
383 1924 438 1980 vis:
449 1925 597 1999 signoque
609 1925 683 1990 dato,
702 1925 834 2000 juventus
847 1924 979 1980 Romana
997 1923 1032 1980 ad
1046 1925 1181 2000 rapien-

207 2001 295 2058 das
271 2003 394 2078 virgines
407 2003 546 2060 discurrit.
588 2003 695 2078 Magna
715 2023 778 2078 pais
800 2003 881 2070 forte,
893 2020 924 2058 ui
937 2003 966 2058 in
979 2021 1061 2076 quem
1080 2005 1182 2076 quae-{i

207 2099 261 2154 que
275 2081 422 2146 inciderat,
437 2095 540 2156 raptae3
559 2083 694 2168 quasdam
709 2081 799 2138 forma
810 2081 976 2149 excellente,
988 2081 1190 2155 primoribus
1168 2117 1187 2180 3

208 2158 320 2216 Petrum
340 2160 503 2232 destinatas,
516 2157 652 2234 explebe
674 2161 812 2232 homines,
825 2160 926 2234 quibus
949 2159 1045 2214 datum
1068 2167 1200 2250 nego-*-

206 2237 277 2294 tium
291 2251 360 2311 erat,
374 2239 470 2295 domos
484 2207 655 2296 deferebant.
697 2238 797 2307 Unam,
812 2237 1046 2326 longepptealias
1059 2239 1153 2312 specie

207 2335 241 2372 ac
255 2317 491 2391 pulchritudine
485 2318 633 2392 insignem,
650 2336 667 2372 a
686 2317 777 2392 globo
775 2285 911 2373 Talassii
932 2315 1077 2390 cujusdam
1092 2335 1186 2391 rap-25

127 2393 128 2398 '
207 2408 264 2451 tam
284 2395 393 2452 ferunt:
415 2396 564 2470 multisque
585 2389 804 2466 sciscitantibus,
818 2395 930 2450 cuinam
954 2411 1016 2450 eam
1037 2393 1151 2462 ferrent,

208 2473 370 2543 identidem,
385 2492 421 2530 ne
437 2473 498 2548 quis
519 2475 643 2546 violaret,
664 2473 793 2531 Talassio
814 2473 878 2530 ferri
899 2471 1096 2528 clamitatum.
1093 2473 1153 2528 iri-

207 2551 247 2611 dev
266 2520 418 2624 nuptialem
442 2553 515 2609 hano
538 2571 635 2610 vocem
657 2551 768 2610 iactam.
816 2551 944 2609 Turbato
969 2568 1019 2624 per
1044 2563 1151 2608 metum

207 2626 325 2694 ludicre,
352 2631 443 2686 moesti
469 2643 598 2704 parentes
624 2632 762 2706 virginum
788 2630 959 2706 profugiunt,
988 2629 1152 2686 incusantes

208 2709 299 2766 violati
324 2709 433 2783 hospitii
449 2709 549 2776 foedus,
565 2709 712 2784 Deumque
729 2709 901 2776 invocantes,
915 2707 997 2782 cujus
1012 2707 1047 2763 ad
1061 2707 1186 2770 solen-ao

207 2807 243 2844 ne
258 2787 401 2862 ludosque,
415 2806 464 2862 per
478 2788 519 2844 sas
532 2807 566 2844 ac
584 2787 668 2845 fidem
689 2787 811 2863 decepti,
824 2787 973 2844 venissent.
1013 2785 1078 2842 Nec
1091 2805 1152 2862 rap-

206 2866 242 2922 tis
256 2877 304 2923 aut
316 2885 380 2942 spes
393 2865 428 2922 de
442 2885 471 2922 se
485 2863 592 2938 melior,
606 2877 654 2923 ant
666 2865 822 2942 indignatio
842 2876 885 2922 est
900 2863 1007 2920 minor:
1027 2865 1077 2920 sed
1091 2865 1150 2940 ipse

207 2943 347 3001 Romulus
360 2945 507 3017 circuibat,
521 2945 713 3018 docebatque:
753 2944 892 3000 “Petrum
907 2942 935 2999 id
951 2943 1082 3017 superbiai
1096 2943 1151 3000 sac·
1245 2985 1248 2990 -
1284 2945 1288 2949 ’

165 3037 166 3040 ’
207 3033 308 3090 “tum,
327 3023 373 3098 qui
396 3023 569 3080 connubium
590 3023 715 3080 finitimis
734 3023 902 3098 negassent:
924 3020 985 3077 illas
1005 3029 1099 3078 tamen
1120 3023 1149 3078 in

207 3105 225 3133 “
238 3100 423 3168 matrimonio,
438 3101 466 3158 in
484 3103 616 3158 societate
631 3101 808 3172 'fortunarum
826 3100 952 3158 omnium
966 3099 1148 3174 civitatisque,
1158 3123 1184 3162 aa

208 3189 226 3216 ‘⁶
238 3191 266 3235 et
268 3198 343 3253 ,quo
356 3179 424 3236 nihil
438 3179 531 3237 carius
545 3181 667 3236 humano
677 3179 774 3254 generi
786 3179 831 3246 sit,
842 3179 960 3236 liberdm
972 3177 1038 3234 sore.
1079 3177 1150 3236 Mol·

207 3263 225 3290 “
237 3225 321 3314 litlent
334 3256 437 3314 modo
430 3277 501 3327 iras3
523 3267 551 3316 et
553 3259 674 3354 ,quibus
689 3258 745 3316 sors
764 3276 881 3334 corpora
900 3255 1032 3322 dedisset,
1051 3255 1150 3313 darent

196 3341 225 3370 ‘⁴‘
237 3335 355 3392 animos.
395 3335 476 3411 Saepe
490 3356 525 3394 ex
538 3333 641 3427 injuria
626 3337 831 3412 *postmodum
844 3335 962 3412 gratiam
974 3345 1081 3390 ortam:
1102 3333 1149 3391 eb-

207 3425 226 3452 “
237 3433 291 3488 que
305 3412 465 3473 melioribus
477 3434 575 3472 usuras
590 3416 654 3472 viris
656 3414 751 3489 ,qnod
767 3415 916 3471 adnisurus
927 3427 977 3486 pro
990 3411 1149 3502 aequisque

207 3503 226 3530 “
238 3493 282 3564 sit,
292 3503 322 3550 ut
324 3509 424 3567 ‚quum
438 3494 614 3550 suamiicem
627 3461 741 3550 suiictus
750 3492 843 3550 officio
854 3491 898 3558 sit,
907 3489 1053 3566 parentum
1064 3492 1148 3548 etiam
1157 3513 1186 3552 io

207 3575 225 3604 “
237 3571 389 3646 patriaeque
409 3571 518 3646 expleat
544 3572 721 3628 desiderium
725 3571 742 3598 '‘
795 3569 987 3628 Accedebant
1007 3567 1150 3628 blanditiis

207 3649 340 3723 virorum,
357 3647 461 3706 lactum
481 3650 660 3740 purgantium
681 3649 834 3724 cupiditate
855 3660 936 3723 atque
957 3663 1069 3718 amore;
1088 3667 1150 3724 quae

205 3727 329 3787 maximis
343 3729 378 3786 ad
391 3727 547 3786 muliebre
540 3731 684 3805 ingenium
699 3729 829 3786 efficaces
843 3745 941 3804 preces
954 3740 1027 3782 sunt.
