2648 4340
191 358 245 422 13‘
313 333 318 346 '
579 358 647 408 τιτι
663 355 743 404 crvn

228 503 311 562 XIV.
333 503 398 560 Post
421 503 525 576 aliquot
545 521 642 570 annos,
663 501 811 576 propinqui
830 501 906 578 regis
931 499 1008 559 Tatii
1032 502 1179 583 legatos-3·

190 583 374 640 Laurentium
388 583 517 656 pulsant:
532 598 673 656 quumque
688 581 844 636 Laurentes
861 581 923 656 jure
937 583 1063 660 gentium
1075 603 1140 659 age·
1156 587 1170 661 ξ,

174 674 262 726 rent,
278 663 351 736 apud
373 661 598 735 Tatiurngratia
619 679 730 716 suorum
753 670 781 716 et
801 677 899 733 preces
919 661 981 734 plris
1001 671 1177 736 poterant&

190 739 281 816 Igitur
303 741 413 796 illorum
436 759 546 814 poenam
569 739 598 796 in
619 758 649 794 se
673 739 769 794 vertit:
790 757 856 794 narn
870 739 989 810 Lavinii,
1003 735 1088 814 quum
1104 729 1169 820 ad'b

190 820 305 876 solenne
320 819 490 876 sacrificium
510 817 545 873 ed
564 818 695 881 venisset,
710 836 849 874 concursu
865 817 948 888 facto,
963 819 1138 876 interficitur.
1156 827 1169 881 ’ᾗ

174 898 260 954 'Eam
275 917 333 954 rem
349 895 441 953 mimis
455 896 529 971 aegre
553 895 639 970 qudm'
657 898 775 970 dignum
789 908 859 967 erat,
872 897 969 952 tulisse
984 897 1139 954 Romulum
1156 917 1175 966 2¹

125 1013 127 1024 .
190 977 301 1045 serunt;
323 996 372 1032 seu
386 977 422 1032 ob
437 977 550 1032 infidam
566 975 727 1032 societatem
743 976 832 1050 regni,
848 994 898 1030 seu
920 977 985 1050 quia
1009 977 1084 1032 haud
1098 967 1175 1034 int?

131 1080 135 1092 ·
186 1055 261 1132 jurid
284 1071 388 1112 cassum
410 1055 552 1111 credebat.
596 1053 693 1126 ltaque
718 1054 790 1110 bello
803 1054 915 1128 quidem
935 1055 1088 1112 abstinuit:
1109 1067 1141 1113 ut
1235 1064 1237 1068 ’

189 1145 284 1190 tamen
295 1135 477 1210 ,expiarentur
491 1134 645 1208 legatorum
666 1133 774 1207 injuriae
788 1133 916 1207 regisque
931 1135 1033 1204 cades,
1048 1134 1141 1191 soedus

189 1213 262 1270 inter
276 1213 398 1270 Romam
414 1213 617 1286 Laviniumque
642 1212 728 1268 urbes
749 1223 910 1268 renovatum
929 1225 980 1270 est.
1023 1213 1060 1269 Et
1073 1233 1139 1270 cum
1151 1233 1174 1272 re

188 1291 232 1348 lris
246 1292 358 1366 quidem
381 1292 521 1366 insperata
541 1310 595 1365 pax
619 1303 695 1346 erat:
716 1291 791 1346 alind
813 1289 900 1346 multd
921 1289 1041 1366 propius,
1057 1304 1140 1365 atque

189 1369 216 1426 in
241 1371 309 1444 ipsis
329 1369 414 1444 propri
428 1370 523 1444 portis,
545 1370 646 1425 bellum
670 1381 770 1426 ortum.
813 1369 977 1439 Fidenates,
997 1370 1081 1426 nimis
1103 1371 1141 1426 vi·

188 1448 268 1504 cinas
290 1468 376 1523 prope
399 1468 429 1505 se
453 1448 650 1504 convalescere
674 1467 742 1522 opes
769 1448 830 1516 rati,
851 1449 1011 1522 priusquam
1030 1459 1140 1504 tanturn

188 1527 294 1584 roboris
307 1539 389 1593 osset,
404 1539 538 1602 quantum
561 1527 684 1584 futurum
699 1527 858 1602 apparebat,
872 1541 1015 1601 occupant
1035 1527 1138 1586 bellurn

187 1605 290 1664 lacere.
331 1607 485 1662 Juventute
499 1607 607 1662 armati
620 1606 755 1675 immissa,
770 1618 892 1661 vastatur
904 1607 963 1682 agri
975 1607 1047 1680 quod
1067 1607 1174 1668 interis

186 1683 292 1740 Urbern
307 1704 341 1762 pc
355 1684 479 1760 Fidenas
492 1697 543 1741 est.
585 1685 656 1740 lnde
680 1685 713 1741 ad
739 1685 836 1754 loeram
860 1686 941 1754 versi,
955 1687 1021 1758 quia
1041 1686 1139 1742 dextris

187 1763 303 1820 Tiberis
316 1764 439 1830 arcebat,
459 1783 524 1820 curn
546 1766 648 1839 magnit
673 1763 858 1840 trepidatione
879 1765 1030 1838 agrestium
1052 1783 1140 1838 popu-

186 1841 298 1898 lantur:
320 1843 511 1916 tumultusque
525 1861 634 1917 repens
649 1859 684 1898 ex
705 1843 779 1917 agris
800 1843 829 1898 iu
853 1841 958 1898 Urbem
973 1843 1073 1910 illatus¹
1089 1857 1139 1916 pro

187 1921 287 1977 nuntio
300 1914 362 1978 suit.
402 1920 521 1977 Excirus
536 1920 676 1977 Romulus
691 1920 885 1996 (nequeenim
904 1921 1066 1978 dilationem
1081 1922 1138 1995 pati

186 2011 243 2056 tarn
268 2001 391 2058 vicinum
417 2000 520 2056 bellurn
542 2003 662 2076 poterat)
686 2000 841 2056 exercitum
868 1999 983 2056 educit:
1011 2011 1102 2056 castra
1122 2019 1173 2060 aec

187 2077 305 2135 Fidenis
319 2079 394 2135 mille
415 2097 547 2153 passuum
569 2078 658 2135 locat:
687 2078 725 2134 ibi
747 2079 858 2134 modico
880 2078 1009 2152 praesidio
1030 2079 1137 2146 relicto,
1176 2115 1179 2122 »

187 2175 317 2232 egressus
330 2158 461 2215 omnibus
482 2157 579 2231 copiis,
594 2168 701 2231 partem
724 2157 841 2214 militurn
864 2156 934 2212 locis
954 2157 1032 2214 circa
1051 2158 1140 2214 densa

143 2229 151 2239 '
186 2235 278 2292 obsita
298 2237 418 2310 virgulta
439 2235 568 2292 obscuris
591 2235 737 2291 subsidere
760 2237 789 2292 in
813 2235 922 2291 insidiis
940 2235 1041 2309 jussit3
1072 2255 1138 2293 cum

187 2326 264 2390 parte
278 2315 383 2389 majore
397 2326 478 2388 atque
492 2313 568 2370 ornni
584 2315 710 2387 equitatu
723 2313 877 2389 profectus,¹
891 2313 932 2398 (id
947 2315 1139 2393 quodquaere-

187 2391 248 2470 bat)
264 2393 435 2449 tumultuoso
449 2404 476 2448 et
491 2393 594 2477 minaei
609 2411 714 2482 genere
735 2410 847 2466 pugnae,
862 2375 1052 2482 adeddllpb'db
1071 2393 1173 2466 ipsises

186 2472 272 2546 prope
285 2472 381 2546 portis,
397 2473 503 2527 hostem
527 2453 588 2526 elici
610 2464 741 2545 it“:·'sugae
761 2489 880 2544 quoque,
902 2464 1138 2543 quaebimulanda

187 2561 256 2616 erat,
270 2551 369 2606 eadem
383 2551 520 2622 equestris
534 2567 750 2624 pugnacausam
765 2545 859 2604 minds
873 2549 1027 2604 mirabilem
1043 2549 1137 2606 dedit:

186 2640 216 2686 et
234 2648 329 2702 quum,
354 2629 428 2684 velut
449 2628 521 2684 inter
539 2647 642 2702 pugnae
662 2627 791 2702 fugaeque
812 2625 959 2684 consilium
980 2628 1138 2701 trepidante

186 2708 322 2784 equitatu,
336 2708 423 2781 pedes
436 2725 545 2780 qrroque
560 2705 675 2762 referret
687 2707 816 2780 gradum,
830 2705 921 2779 plenis
940 2707 1055 2780 repente
1077 2725 1139 2780 por·

186 2787 223 2843 tis
235 2787 317 2842 effusi
331 2787 434 2850 hostes,
450 2785 570 2859 impulsi
592 2785 724 2840 Romami
745 2785 817 2855 acie,
836 2784 929 2840 studio
952 2785 1075 2841 instandi
1096 2805 1173 2850 seso

187 2866 346 2940 quendique
373 2867 520 2922 trabuntur
544 2863 579 2920 ad
599 2863 693 2920 locum
719 2863 901 2933 insidiarum]
946 2863 1018 2920 Inde
1045 2864 1160 2921 subitd-

186 2945 277 3000 exorti
298 2945 421 3016 Romani
437 2956 623 3000 transversam
645 2941 915 3012 invadunthostium
937 2943 1038 3000 aciem.
1080 2945 1139 3002 Ad·
1228 3000 1230 3004 ,

187 3021 258 3078 dunt
277 3042 407 3097 pavorem
428 3035 504 3080 mota
523 3041 539 3079 e
560 3022 659 3079 castris
672 3021 754 3096 signa
773 3039 880 3085 eorum,
895 3022 942 3095 qui
964 3021 992 3078 in
1007 3023 1139 3096 praesidio

186 3100 278 3157 relicti
305 3102 434 3158 sueram:
463 3103 501 3158 ita
524 3099 671 3175 multiplici
692 3112 797 3156 terrore
824 3100 945 3174 persulsi
975 3101 1137 3165 Fidenates

129 3199 134 3204 ·
187 3179 264 3254 priris
284 3199 364 3254 paene
385 3180 467 3254 quitur
493 3179 643 3246 Romulus
668 3178 771 3253 quique
791 3198 856 3236 curn
878 3197 913 3236 eo
936 3181 1015 3254 equis
1038 3181 1172 3244 ierant‚³⁵

188 3257 413 3334 circumagerent
428 3261 512 3317 lienis
527 3279 623 3334 equos
638 3271 717 3331 terga
728 3270 856 3328 vertunt3
871 3257 1013 3332 multdque
1024 3257 1138 3314 effusius

190 3337 304 3411 (quippe
327 3344 391 3394 uera
413 3337 502 3413 suga),
517 3340 562 3412 qni
585 3339 750 3395 simulantes
763 3335 846 3413 pauld
860 3337 923 3394 ante
938 3337 1027 3392 secuti
1048 3348 1137 3402 erant,

148 3416 153 3420 ’
187 3417 514 3492 oppidumreperobant:
538 3417 844 3491 nontameneripuire
865 3436 894 3472 se
916 3417 1006 3472 hosti:
1029 3416 1138 3470 haerens
1230 3471 1234 3481 ,
1269 3409 1275 3425 ’

189 3497 217 3551 in
232 3508 311 3569 terga
325 3495 482 3563 Romnum,
497 3495 670 3569 priusquam
685 3496 757 3554 fores
776 3507 917 3571 portarum
938 3494 1139 3568 objicerentur,

188 3573 264 3630 velut
277 3573 389 3649 agmine
404 3591 460 3628 arno
474 3575 609 3648 irrumpit.
823 3594 824 3598 ¹
1148 3595 1174 3636 ro

227 3729 293 3786 XV.
314 3729 386 3787 Belli
407 3698 555 3786 Fidenatis
569 3732 737 3805 contagione
756 3731 852 3788 irritati
873 3729 1037 3806 Vejentium
1052 3731 1139 3790 animi
1203 3678 1212 3766 l

188 3820 217 3868 ct
229 3809 475 3886 consanguinitate
491 3811 569 3881 (rrarn
587 3809 737 3868 Fidenates
751 3829 859 3888 quoque
874 3810 986 3868 Etrusci
1003 3811 1141 3890 suerunt),
