2648 4340
511 353 650 404 Lrusnr.
671 367 801 402 camur.
992 331 1031 418 ¹⁴
1090 357 1129 415 39

167 497 265 556 vidam
280 497 338 555 siro
351 495 447 554 oooiso
459 515 584 562 uxorem,
599 515 684 573 quum
699 498 772 555 iuter
792 495 913 574 reliquas
926 497 1051 574 captivas
1064 517 1130 576 eog-

169 578 232 636 nita
245 587 330 642 esset,
354 577 392 633 ob
405 577 519 634 unieam
541 578 715 634 nobilitatem
736 577 772 633 ab
791 579 892 654 regine
913 577 1048 636 Romana
1068 599 1130 652 pro·

169 657 290 714 bibitam
305 657 647 732 serunteervitiopartum
669 656 772 713 Romae
791 657 835 713 ed‘
861 659 866 669 '
916 699 924 725 ,
946 657 1034 716 Prisci
1058 657 1131 716 Tar·

168 737 261 812 quinii
275 737 367 793 domo.
409 735 481 792 lude
495 747 573 794 teuto
587 734 727 792 benefioio
749 749 778 792 et
791 736 863 794 inter
927 735 1010 794 lieres
1031 737 1131 794 famili·

146 815 301 872 saritatem
315 826 438 881 auctam,
460 827 488 872 et
511 833 640 890 puerum,
666 825 696 872 ut
711 814 739 872 in
754 815 838 872 domo
849 835 865 872 a
878 833 963 890 parvo
983 816 1130 888 eductum,

170 895 200 952 in
222 895 340 958 earitate
367 905 450 984 atque
479 895 584 952 bonore
615 893 718 955 fuisse:
752 893 892 952 fortunam
920 896 1026 963 matris,
1054 895 1130 974 qudd

170 975 255 1050 eapta
270 974 359 1050 patriti
373 973 401 1030 in
417 973 539 1030 hostium
561 991 662 1031 manus
682 973 800 1046 venerit,
822 984 852 1030 ut
865 993 945 1032 serva
966 986 1050 1032 natus
1071 993 1132 1032 ere·

172 1054 296 1121 deretur,
311 1051 421 1112 fecisse.
507 1059 587 1180 J--J

211 1211 276 1270 XL
318 1208 636 1287 Duodequadragesimo
664 1210 763 1268 ferme
772 1229 858 1279 anno,
879 1229 915 1268 ex
935 1231 991 1286 quo
1012 1228 1131 1288 regnare
1154 1205 1159 1216 ’

137 1302 296 1367 rueoeperat
317 1291 501 1370 Tarquinius,
516 1309 572 1348 non
587 1291 661 1381 apud
685 1301 781 1367 regem
802 1290 898 1358 modd,
913 1291 974 1348 sed
984 1293 1058 1366 apud
1080 1293 1132 1349 Pa·

171 1383 229 1428 tres
242 1365 420 1446 plebemque,
434 1369 518 1446 longe
541 1369 664 1428 maximo
685 1366 791 1428 honore
806 1370 922 1427 Servius
935 1369 1049 1427 Tullius
1061 1383 1131 1428 erat.

171 1450 251 1508 Turn
278 1451 355 1507 Anoi
383 1449 431 1506 filii
452 1451 508 1506 duo
528 1449 581 1506 etsi
610 1460 694 1506 antea
720 1467 831 1526 semper.
849 1467 908 1525 pro
934 1449 1132 1526 indignissimo

171 1530 338 1598 habuerant,
352 1547 383 1586 se
397 1529 486 1602 patrio
500 1545 588 1604 regno
601 1528 700 1586 tutoris
714 1527 812 1586 fraude
825 1529 928 1604 pulsos,
941 1547 1060 1605 regnare
1071 1529 1131 1587 Ro-

170 1615 226 1666 mae
239 1607 389 1676 advenam,
403 1627 461 1666 non
475 1607 599 1665 modo
574 1627 683 1680 orvroae
705 1609 756 1666 sed
770 1627 806 1665 ne
821 1607 929 1665 ltalroae
942 1609 1057 1684 quidem
1070 1623 1132 1666 sur
1208 1657 1211 1664 .
1303 1653 1304 1660 ,

137 1689 231 1780 repis·
223 1732 231 1758 ,
251 1701 312 1746 tum
326 1675 482 1763 impensids
495 1687 539 1744 his
549 1687 704 1764 indignitas
715 1705 855 1754 creseere,
870 1687 893 1744 si
908 1707 944 1745 ne
958 1687 994 1744 ab
1008 1687 1131 1762 Tarqui·

133 1817 141 1827 .
170 1767 229 1825 inio
236 1759 357 1858 'quidem
372 1767 407 1824 ed
421 1786 452 1823 se
465 1766 569 1824 rediret
582 1785 712 1857 regnum,
722 1767 772 1823 sed
786 1785 911 1842 praeeeps
926 1767 992 1824 inde
1005 1787 1087 1844 porro
1095 1768 1130 1824 ad

169 1845 284 1904 servitia
297 1847 432 1918 eederet,
453 1855 484 1903 ut
498 1845 527 1902 in
540 1845 642 1905 eadem
656 1846 778 1917 civitate,
793 1858 855 1922 post
868 1847 1056 1917 centesimum
1071 1846 1130 1904 fere

169 1926 387 2000 ennumquam
404 1923 552 1994 Romulus,
575 1925 638 1982 Deo
650 1938 814 2001 prognatus,
832 1925 909 1982 Deus
922 1925 992 2001 ipse,
1007 1927 1132 1988 tenuerit

170 2023 302 2080 regnum,
317 2005 430 2062 donee
422 2023 452 2060 ιιι
466 2005 549 2061 terris
562 2003 656 2076 suerit,
670 2005 699 2061 id
713 2023 810 2061 servus
824 2008 902 2061 serra
917 2003 1133 2080 natusposlside·

135 2109 162 2150 aa
171 2101 216 2142 at:
237 2095 299 2142 tum
311 2100 462 2143 commune
477 2083 603 2141 Romani
617 2083 750 2173 nominis,
761 2095 822 2140 turn
835 2083 978 2160 praeeipue
968 2083 1018 2140 id
1027 2083 1132 2142 domds

170 2181 240 2232 ιιι,
256 2165 382 2221 dedecus
395 2161 510 2234 sore,'s1‚
523 2163 599 2220 Auel
608 2163 683 2239 regis
697 2153 768 2220 virili
779 2163 865 2238 stirpe
876 2161 962 2234 salva,
978 2181 1034 2220 nou
1046 2161 1131 2235 modo

171 2243 301 2316 advenis
316 2245 365 2300 sed
379 2209 466 2300 servls
479 2243 573 2311 etiam,
588 2258 708 2319 reguum
723 2243 824 2300 Romae
838 2253 954 2318 pateret.
980 2241 1089 2300 Ferro
1082 2243 1133 2318 rgi-

170 2334 293 2380 tuream
309 2336 406 2379 eruere
420 2289 636 2414 contumelium
634 2333 769 2416 statuunt
812 2323 869 2378 Sed
883 2331 912 2380 et
926 2321 1035 2398 injuriae
1054 2321 1132 2380 dolor

171 2402 202 2458 in
216 2401 428 2492 Tarquinium
421 2419 513 2476 ipsum
527 2397 627 2478 magle,
641 2421 724 2477 quam
745 2401 774 2458 in
789 2401 929 2468 Servium,
946 2421 994 2458 eos
1008 2401 1132 2458 stimula·

135 2481 239 2546 nebat:
260 2493 289 2538 et
303 2499 369 2556 qure
382 2497 491 2556 gravior
515 2480 586 2538 ultor
607 2481 702 2550 oaedis,
725 2481 748 2537 si
771 2481 939 2556 superesset,
959 2499 1007 2538 rer
1021 2481 1133 2538 futurus
1215 2501 1217 2505 ’
1259 2471 1285 2512 ’·

1301 2567 1304 2590 ι

171 2571 241 2628 erat,
263 2563 347 2635 quim
374 2560 520 2636 privatus:
561 2573 632 2631 tum,
667 2559 765 2618 Servio
790 2559 897 2630 occiso,
924 2577 1132 2640 quemeumque
1175 2584 1176 2588 ¹

171 2639 259 2704 alium
279 2657 416 2715 generum
445 2639 606 2716 delegisset,
637 2641 786 2696 eumdem
797 2639 877 2714 regni
905 2629 1046 2700 haeredem
1064 2628 1133 2694 fae·
1154 2703 1159 2710 J

151 2731 253 2776 turus
266 2719 421 2779 videbatur.
464 2719 512 2775 Ob
533 2718 622 2776 hree'
615 2720 668 2793 rpsi
692 2719 751 2795 regi
774 2719 884 2776 insidias
905 2729 1045 2794 parantur.
1059 2703 1148 2774 Ex'

170 2799 333 2890 pastoribus
354 2799 423 2855 duo
422 2798 602 2862 ferocissimi
617 2798 719 2854 deleoti
741 2799 776 2854 ad
799 2797 921 2888 facinus,
943 2796 1057 2874 quibus
1066 2815 1133 2854 eon·
1144 2792 1147 2800 ’

137 2877 341 2968 assuetierant
360 2877 476 2976 uterque
498 2877 666 2953 agrestibus
679 2877 896 2948 ferramentiej
886 2895 919 2940 ιι
941 2875 1133 2933 vestibulore·
1302 2885 1304 2948 ξ

170 2956 236 3032 gite,
250 2958 334 3047 qudm
348 2960 463 3041 potuere
477 2955 740 3032 tumultuosissime,
755 2955 850 3032 speeie
864 2957 931 3012 riute
939 2955 974 3011 iri
989 2973 1019 3011 se
1027 2973 1132 3012 omnes

171 3037 344 3115 apparitores
358 3037 456 3112 regios.
463 3048 649 3110 convertunt3
679 3035 755 3106 inde,
777 3033 864 3109 quuui
873 3035 961 3091 ambe
975 3053 1070 3110 regem
1085 3053 1133 3111 ap-

149 3115 318 3192 pellerent,
333 3116 505 3191 clamorque
515 3109 613 3187 eorum
634 3116 747 3191 penitus
769 3115 797 3172 in
821 3115 928 3189 regiam
950 3116 1131 3190 pervenisset,

170 3194 265 3252 voeriti
279 3196 315 3252 ad
329 3213 426 3270 regem
440 3207 570 3270 pergunt
613 3193 708 3255 Primo
730 3205 847 3268 uterque
862 3191 1016 3265 vociferari,
1031 3205 1060 3252 et
1073 3214 1133 3252 eer-

136 3274 252 3338 astatim
267 3275 429 3332 alteralteri
443 3272 629 3348 obstrepere,
638 3273 755 3338 eoereiti
780 3275 815 3330 ab
836 3271 946 3346 liotore,
967 3285 996 3331 et
1008 3275 1087 3353 jussi
1102 3275 1132 3331 in

170 3353 264 3412 viuem
278 3354 385 3426 dicere,
399 3353 514 3410 tandem
527 3352 639 3442 obloqui
650 3351 799 3418 desistunt.
826 3349 922 3410 Unus
935 3373 994 3410 rem
1008 3370 1043 3430 ex
1057 3371 1133 3411 eom·

171 3433 264 3508 posito
277 3435 392 3491 orditur
434 3431 555 3502 Quum
547 3442 675 3488 intentus
689 3431 718 3488 in
733 3451 799 3488 eum
821 3449 851 3489 se
874 3449 924 3490 rex
937 3442 1133 3522 totuwerte·
1214 3475 1232 3498 ,,
1248 3459 1254 3500 ¹.

172 3511 841 3590 ret,alterelatamsoouriruinoeputdejeoit:
863 3510 1132 3622 relidtoqueinvul·
1248 3581 1261 3610 ἡ
1291 3605 1295 3613 ¹

171 3611 241 3650 nere
255 3593 319 3662 telo,
334 3593 417 3650 airrbo
431 3611 460 3649 se
476 3591 548 3648 foras
561 3591 689 3668 ejiciunt.

46 3741 47 3751 ἵ
137 3773 164 3816 ω
212 3701 294 3810 XLl.
323 3719 512 3828 Tarquinium
533 3751 702 3808 moribundu
719 3769 852 3828 quum,
873 3749 920 3824 qui
942 3747 1018 3805 eirea
1040 3755 1140 3820 erent,'

167 3829 364 3906 excepissent,
342 3832 449 3889 tillos
470 3831 611 3908 fugientes
634 3831 752 3888 lieto
750 3827 1025 3906 comprehendunt
1067 3827 1133 3886 cla:
1303 3871 1304 3876 ι

378 3981 394 4004 ,Ι

380 4001 404 4036 2
633 4004 641 4026 fl

250 4065 256 4080 ι
428 4060 445 4076 1*
632 4054 641 4065 '⁵

442 4069 507 4146 ιη’,
635 4080 647 4103 ιι

367 4125 369 4128 Ι
444 4113 447 4120 1
480 4117 481 4120 ,
640 4107 644 4118 Ι

265 4139 272 4152 o
366 4133 371 4142 ⁶
508 4123 543 4164 '¹
