2648 4340
183 331 205 395 θ
422 300 425 306 ’
575 329 643 378 τιτι
658 327 743 380 mvn

185 481 293 549 poterat
313 470 419 541 amnis;
440 481 477 542 et,
499 490 580 548 posse
600 471 726 547 quamvis
747 469 884 546 languida
904 468 994 547 mergi
1008 469 1080 546 aqud
1094 469 1137 530 in-

186 552 286 624 fantes,
301 569 379 626 spem
394 550 548 608 serentibus
561 551 661 608 debat:
683 551 732 618 its,
747 550 823 606 velut
840 549 967 608 defuncti
988 551 1064 626 regis
1084 550 1137 608 im-

185 631 273 706 perio,
296 630 325 686 ln
352 629 479 704 proximi
503 630 615 698 alluvie,
640 629 688 686 ubi
712 648 791 686 nuuc
812 627 882 685 licus
903 628 1067 687 Ruminalis
1093 640 1137 686 est

187 707 385 782 (Romularem
398 719 523 765 vocatam
535 707 653 786 lerunt),
663 727 765 784 pueros
775 718 928 782 exponunt.
970 707 1064 764 Vestae
1075 721 1135 766 tum

186 787 216 846 in
230 787 265 846 iis
278 787 349 844 locis
362 785 527 845 solitudines
540 797 633 844 erant.
669 786 765 844 Tenet
779 785 863 858 fama,
877 804 964 860 quum
978 785 1158 844 fluitantems

186 867 307 934 alveum,
321 885 377 940 quo
390 866 508 940 expositi
531 877 612 936 erant
629 865 717 942 pueri,
732 865 826 922 tenuis
846 865 875 921 in
897 864 975 922 sicco
996 884 1068 939 aqua
1088 865 1137 922 de·

186 945 332 1011 stituisset,
346 943 440 1019 lupam
455 942 605 1011 sitientem,
620 963 655 1002 ex
677 944 820 1001 montibus
842 943 890 1018 qui
912 941 989 1000 circb
1010 955 1085 1010 suut,
1100 945 1136 1000 ad

187 1023 323 1100 puerilem
338 1023 460 1098 vagitum
476 1042 590 1080 cursum
603 1023 729 1083 flexisse:
744 1041 807 1080 earn
818 1021 971 1081 submissas
982 1021 1136 1080 infantibus

186 1100 257 1160 aded
271 1102 367 1158 mitem
382 1101 535 1176 praebuisse
547 1119 691 1172 mammas,
702 1112 732 1158 ut
745 1101 843 1176 lingula
854 1100 1024 1158 lambentem
1035 1119 1136 1176 pueros

187 1181 324 1256 magister
341 1180 412 1258 regii
436 1181 546 1256 pecoris
568 1180 714 1237 invenerit.
763 1180 898 1238 Faustulo
922 1179 1008 1236 foisse
1031 1199 1137 1242 nomeu
1146 1193 1170 1231 1o

187 1259 298 1316 ferunt:
319 1259 355 1316 ab
370 1279 403 1316 eo
421 1259 456 1329 ad
478 1259 587 1316 stabula
608 1258 748 1316 Larentiae
771 1258 850 1316 uxori
870 1259 1035 1316 educandos
1056 1257 1135 1316 latos.

188 1339 272 1410 Sunt,
286 1337 333 1412 qui
350 1337 519 1403 Larentiam,
536 1338 646 1414 vulgato
667 1357 792 1414 corpore,
807 1337 899 1412 lupam
922 1337 994 1394 inter
1012 1349 1136 1412 pastores

187 1427 316 1474 vocatam
341 1427 456 1491 putent:
488 1416 554 1473 inde
576 1417 670 1474 locum
691 1417 792 1474 fabulae
817 1435 851 1473 ac
872 1415 1008 1474 miraculo
1029 1415 1134 1474 elatum.

187 1495 232 1552 Ita
246 1494 345 1570 geniti,
360 1493 454 1568 itaque
466 1495 589 1566 educati,
603 1515 688 1570 quum
703 1494 822 1570 primum
844 1494 965 1552 adolevit
986 1506 1062 1561 retas,
1081 1514 1136 1552 nec

187 1575 215 1631 iu
239 1573 357 1648 stabulis
370 1592 424 1630 nec
447 1574 481 1629 ad
506 1593 608 1649 pecora
621 1593 731 1650 segnes,
746 1574 875 1630 venando
889 1589 1037 1660 peragrare
1058 1573 1136 1653 plrcb
1147 1584 1169 1622 15

122 1687 125 1696 ν
186 1653 284 1729 saltus.
334 1649 423 1720 Hine,
448 1653 546 1710 robore
568 1653 731 1728 corporibus
755 1653 910 1727 animisque
935 1652 1055 1728 sumpto,
1077 1651 1136 1728 jam

181 1731 244 1796 'beu
259 1731 451 1788 leras'tantrim
466 1732 625 1798 subsistere,
640 1733 688 1788 sed
703 1731 732 1788 in
751 1731 882 1798 latrones,
895 1731 990 1806 praedd
1010 1742 1134 1799 onustos,

182 1809 309 1886 'impetus
333 1807 433 1880 lacere,
455 1811 665 1892 pastoribusque
688 1822 766 1886 rapta
788 1811 912 1866 dividere
924 1830 931 1880 ς
950 1821 978 1866 et
1001 1811 1134 1878 cumbis,
1228 1807 1233 1813 ’

186 1899 333 1946 crescente
348 1889 376 1946 in
390 1889 451 1946 dies
464 1907 549 1966 grege
567 1889 711 1966 juvenum,
726 1889 799 1946 seria
812 1907 846 1946 ac
863 1889 943 1966 jocos
956 1889 1107 1946 celebrare.

225 2045 260 2102 V.
282 2045 346 2102 Jam
360 2056 420 2102 tum
435 2045 462 2102 in
477 2046 605 2104 Palatino
617 2058 712 2104 monte
726 2045 865 2122 Lupercal
887 2047 940 2103 boc
960 2045 1046 2103 luisse
1064 2045 1168 2104 ludi-⁹0

185 2143 264 2181 crum
280 2125 382 2191 lerunt,
397 2137 425 2182 et
438 2144 455 2181 a
468 2125 619 2194 Pallanteo,
634 2127 701 2182 urbe
716 2125 865 2194 Arcadicd,
881 2125 1055 2192 Panaetium,
1068 2126 1133 2183 dein

186 2203 334 2276 Palatium,
356 2215 479 2260 montem
503 2205 680 2279 appellatum.
723 2205 766 2262 lbi
790 2205 960 2273 Evandrum,
975 2203 1021 2278 qui
1042 2223 1078 2260 ex
1100 2225 1134 2262 eo

185 2301 290 2358 genere
312 2283 456 2338 Arcadum
480 2283 577 2340 multis
597 2283 661 2340 ante
682 2283 895 2358 tempestatibus
914 2294 1042 2340 tenuerat
1061 2283 1133 2350 loca,

93 2359 103 2366 ”
185 2358 301 2418 solenne
315 2360 431 2418 allatum
444 2378 479 2417 ex
494 2361 618 2418 Arcadiis
632 2362 795 2434 instituisse,
808 2373 837 2418 ut
850 2361 919 2417 nudi
937 2361 1065 2436 juvenes,
1080 2363 1134 2436 Ly·

185 2459 267 2496 ceum
283 2439 360 2495 Pana
373 2452 548 2510 venerantes,
560 2459 608 2514 per
619 2439 711 2496 lusum
723 2452 804 2514 atque
815 2440 959 2496 lasciviam
970 2453 1131 2510 currerent;
1142 2445 1167 2484 2⁵

184 2535 268 2592 quem
280 2517 404 2575 Romani
417 2518 665 2576 deindevocdrunt
677 2518 788 2574 lnuum.
817 2518 1144 2586 Huicdeditisludicro,
1211 2587 1215 2591 ,

184 2617 269 2674 quum
284 2597 399 2654 solenne
414 2609 510 2654 notum
524 2607 607 2669 esset,
622 2591 897 2654 insidiatosobiraln
912 2598 1133 2672 ptaedaeamissae
1185 2639 1192 2650 .
1312 2573 1319 2688 l

185 2676 316 2746 latrones,
332 2695 418 2750 quum
434 2675 575 2734 Romulus
589 2677 614 2732 vi
628 2695 657 2732 se
671 2675 853 2744 defendisset,
868 2675 992 2732 Remum
1007 2677 1132 2751 cepisse;
1173 2720 1187 2753 4
1318 2693 1319 2718 ἒ

185 2767 298 2828 captum
318 2755 378 2830 regi
400 2753 514 2812 Amulio
534 2755 691 2823 tradidisse,
706 2755 780 2812 ultro
796 2765 971 2812 accusantes.
1013 2756 1133 2813 Crimini
1318 2719 1319 2802 l

185 2831 305 2890 maxime
319 2834 434 2905 dabant,
449 2834 477 2892 in
492 2833 648 2891 Numitoris
662 2853 742 2910 agros
753 2833 788 2890 ab
800 2833 843 2893 his
855 2833 989 2909 impetum
1000 2833 1059 2891 lieri
1070 2855 1078 2903 3
1093 2836 1166 2894 io·³⁰

185 2912 220 2968 de
233 2931 292 2978 eos,
306 2911 426 2970 collecti
444 2912 582 2988 juvenum
601 2931 695 2978 manu,
711 2912 838 2970 hostilem
854 2913 880 2968 in
897 2914 1010 2970 modum
1025 2916 1133 2988 praedas

85 2986 88 2991 ’
185 2990 340 3063 agere:sic
352 2991 714 3065 Numitoriadsupplicium
725 2991 835 3048 Remus
846 2991 966 3048 deditur.
993 2992 1132 3050 Jaminde

185 3069 221 3124 ab
234 3067 314 3126 initio
328 3069 462 3127 Faustulo
475 3088 539 3144 spes
553 3069 651 3140 fuerat,
666 3069 770 3145 regiam
785 3069 898 3145 stirpem
918 3072 991 3146 apud
1014 3091 1043 3128 se
1064 3072 1132 3128 edu·

185 3146 242 3204 cari
253 3166 259 3216 ;
274 3165 339 3219 nem
350 3159 379 3204 et
389 3148 528 3224 expositos
538 3147 617 3223 jussu
629 3148 702 3224 regis
713 3147 835 3206 infantes
846 3149 962 3217 sciebat,
970 3161 1002 3207 et
1012 3161 1130 3226 tempus,
1318 3209 1319 3222 ,

184 3245 240 3302 quo
252 3225 312 3302 ipse
325 3243 373 3282 eos
386 3227 551 3298 sustulisset,
566 3227 600 3282 ad
615 3226 643 3283 id
658 3227 748 3302 ipsum
762 3246 935 3304 congruere,
949 3229 998 3284 sed
1010 3247 1067 3284 rem
1082 3227 1164 3285 itu-³⁵
1318 3239 1319 3280 t

185 3315 333 3371 maturam,
357 3305 411 3362 nisi
434 3317 482 3363 aut
505 3325 553 3381 per
576 3305 756 3364 occasionem
781 3318 828 3364 aut
850 3327 899 3383 per
922 3307 1129 3374 necessitatem,
1260 3303 1263 3308 ’

185 3383 286 3459 aperiri
309 3383 443 3440 noluerat.
485 3384 648 3442 Necessitas
671 3385 745 3460 prior
769 3385 860 3442 veuit:
881 3387 926 3449 ita,
941 3395 1017 3441 metu
1031 3385 1130 3442 subeo-

137 3463 140 3472 ’
186 3474 240 3534 tus,
254 3461 378 3519 Romulo
391 3481 447 3518 rem
470 3464 565 3538 aperit.
607 3463 691 3521 Forte
705 3474 733 3520 et
746 3463 898 3529 Numitori,
912 3482 997 3538 quum
1017 3463 1047 3520 in
1068 3481 1131 3521 ous-

185 3543 263 3600 todia
286 3541 409 3598 Remum
434 3541 558 3613 haberet,
582 3541 760 3616 audissetque
783 3541 911 3618 geminos
934 3560 995 3600 esse
1021 3542 1129 3610 iratres,

185 3619 375 3696 comparando
388 3629 416 3676 et
430 3630 537 3676 aetatem
551 3640 658 3692 eorum,
672 3631 701 3677 et
714 3621 802 3696 ipsam
815 3619 930 3677 minime
944 3621 1071 3678 servilem
1088 3622 1163 3680 in-to

182 3699 288 3772 dolem,
302 3699 431 3775 tetigerat
445 3699 568 3756 animum
584 3699 717 3760 memoria
730 3697 862 3775 nepotum
876 3718 882 3756 :
904 3699 1129 3776 sciscitandoque

184 3770 285 3838 addent
308 3779 443 3855 pervenit,
467 3786 498 3834 ut
521 3777 596 3834 band
619 3778 715 3854 procul
737 3789 822 3847 esset,
845 3779 911 3854 quin
939 3778 1063 3838 Remum
1084 3799 1130 3856 ag·

769 3939 786 3976 Ι
