2642 4338
478 331 585 384 unae
595 331 648 384 tlt.
665 345 726 384 ese.
737 347 764 384 r.
1051 333 1094 399 fl

137 461 205 550 eim
217 471 428 548 multitudinem
441 430 562 538 sederit.⁸
568 495 571 502 ·
599 478 723 536 &notus
736 477 790 537 nec
803 475 914 554 plebem
929 477 1092 536 irritaudam

138 553 255 611 censuit
267 569 278 610 ι’
295 565 325 612 et
338 554 425 613 multu
438 557 528 633 magis
541 557 755 633 providendum,
774 575 812 616 ne
829 557 896 634 quid
910 557 1032 636 virginii
1046 559 1094 616 ad·

138 642 243 690 ventus
256 632 286 690 in
299 635 427 693 exercito
439 638 530 694 motus
544 636 658 694 laceret

178 789 228 846 L..
248 790 346 867 Itaque
360 787 439 870 missi
454 793 582 872 juniores
601 795 716 854 Petrum
737 795 766 854 in
787 807 888 865 castra,
908 815 970 872 quse
990 797 1093 854 tumin

113 880 237 939 5monte
251 869 363 930 Vecilio
374 885 464 946 erant,
478 875 611 932 nuntiant
629 875 806 948 decemviris,
830 886 862 932 ut
883 877 961 934 omni
984 893 1037 952 ope
1058 876 1095 933 ab

138 949 280 1007 seditione
295 952 398 1015 milites
410 953 594 1012 contineant:
628 954 677 1011 ubi
691 953 838 1030 Virginius
851 955 995 1031 majorem,
1009 953 1095 1031 quim

140 1028 292 1102 reliquerat
305 1030 335 1088 in
349 1031 436 1104 Urb'e,
449 1043 555 1092 motum
569 1034 685 1098 excivit·
723 1033 752 1092 N
755 1053 809 1101 am,
823 1043 1005 1110 preterquam
1020 1032 1094 1110 qoud

140 1109 256 1183 agmine
275 1110 363 1186 prope
384 1107 654 1190 quadringentorum
674 1113 820 1170 bominum
841 1113 967 1187 veniens,
987 1114 1035 1190 qo'i
1058 1113 1095 1172 ab

141 1185 218 1243 Urbe
241 1186 409 1266 indignitate
432 1191 472 1248 rei
493 1191 608 1250 accensi
628 1193 746 1250 comites
765 1193 792 1250 ei
813 1211 843 1250 se
862 1192 1008 1266 dederant,
1028 1211 1096 1268 coq-

105 1298 129 1336 10
139 1278 255 1340 spectus
269 1281 312 1328 est
323 1289 331 1339 3
352 1269 482 1328 strictum
495 1270 579 1328 ctiam
593 1271 691 1340 telum
704 1289 907 1350 respersusque
915 1271 974 1347 ipse
984 1291 1095 1341 cruore,

140 1357 198 1401 tota
219 1350 248 1406 in
269 1368 299 1406 se
320 1362 412 1406 castra
432 1350 588 1410 convertit:
619 1361 646 1408 et
661 1361 743 1427 togae',
758 1351 937 1410 multifariam
953 1351 1095 1409 monstris

140 1424 216 1500 visae,
232 1429 345 1504 majoris
357 1427 508 1503 aliquantu,
521 1429 605 1504 quum
619 1443 687 1500 erat,
702 1431 830 1506 speciem
845 1429 959 1487 urbnnre
973 1429 1097 1487 multitu·

53 1553 57 1560 .
139 1504 217 1562 diois
230 1507 366 1582 fecerant.
386 1507 600 1582 Quaerentibus,
613 1509 680 1584 qnid
695 1510 734 1578 rai
749 1520 833 1577 esset,
847 1509 918 1566 llens
930 1508 980 1568 diu
994 1527 1092 1567 vocem

139 1601 197 1643 tion
212 1587 305 1648 misit:
332 1587 458 1661 taudem,
479 1599 511 1645 ut
529 1588 587 1666 jam
601 1607 636 1646 ex
659 1589 845 1666 trepidatione
865 1589 1095 1647 concurrentium

109 1669 223 1732 ,5tnrba
243 1665 379 1735 constitit,
395 1665 435 1723 'ac
460 1667 603 1727 silentium
626 1667 687 1736 luit,
711 1669 811 1732 urdine
831 1683 945 1742 ennete,
966 1679 997 1726 ut
1016 1679 1097 1745 gesta

138 1759 231 1820 erant,
246 1745 400 1822 exposuit..
424 1747 547 1823 Supinas
560 1748 664 1805 deinde
678 1748 798 1806 tendens
807 1767 916 1816 manus,
930 1747 1097 1806 commilito-

140 1837 192 1883 nes
206 1825 360 1902 appellans,
373 1826 518 1897 orabat,·“
528 1825 585 1895 Ns,
598 1827 673 1902 quod
694 1827 788 1884 scelus
809 1829 864 1903 Ap.
879 1827 991 1884 Claudii
1011 1837 1097 1901 esset,

140 1905 223 1962 “sibi
237 1904 438 1975 attribuerent3
472 1925 528 1963 neu
553 1925 593 1978 se,
617 1917 648 1963 ut
666 1907 833 1982 parricidam
848 1906 974 1976 liberum,
989 1925 1098 1964 aversa·

139 1979 276 2042 “rentur
317 1985 379 2044 Sibi
393 1984 476 2042 vitam
492 1985 556 2042 filiae
570 1986 621 2041 suti
644 1985 782 2049 cariorem
803 1985 898 2053 luisse,
915 1985 938 2042 si
952 1982 1048 2042 liberae
1063 2004 1098 2043 ec

108 2061 282 2141 sn“prrdicae
304 2063 396 2122 vivere
420 2063 528 2122 licitum
554 2062 659 2121 snisdet.
700 2063 811 2136 Quum,
825 2057 1039 2132 velut'servam,
1061 2065 1097 2122 ad

110 2211 114 2220 ¹
136 2142 297 2221 i‘ptuprum
319 2144 378 2219 rapi
406 2142 522 2217 videret,
548 2155 636 2200 morte
656 2143 745 2206 amitti
766 2143 868 2201 melius
887 2155 988 2212 ratum,
1009 2139 1097 2220 quum

116 2221 351 2290 „tennemonn
366 2223 478 2291 liberos,
493 2223 686 2280 misericordie
699 2242 729 2280 se
744 2224 909 2299 inspeciem
923 2223 1098 2282 crudelitatis

29 2297 31 2318 ³
109 2305 289 2378 ·'}‘lepsum.
343 2301 409 2374 Nec
429 2321 459 2359 se
480 2302 658 2380 superstitem
686 2302 750 2360 liliae
779 2302 903 2361 futurum
924 2301 1021 2370 fuisse,
1042 2303 1098 2362 nini

99 2385 115 2418 ·'
140 2383 249 2458 “spem
264 2381 436 2440 ulciscendae
450 2383 546 2440 mortis
566 2383 628 2458 ejus
652 2382 681 2439 in
696 2382 800 2440 auxilio
812 2381 1037 2440 commilitonum
1051 2383 1099 2440 ba-

110 2461 286 2532 sr“buiss,et.
329 2459 400 2530 ,luis
419 2480 528 2537 quoqne
556 2463 632 2520 enim
660 2461 739 2532 filias,
761 2481 878 2535 sorores,
907 2462 1098 2539 conjugesqne

140 2543 159 2575 “
169 2560 241 2620 esse,
279 2540 348 2599 Nec
361 2559 427 2606 curn
442 2541 500 2598 filit
510 2543 562 2598 suu
576 2541 721 2602 libidinem
738 2543 789 2616 Ap.
801 2541 914 2599 Claudii
928 2541 1097 2606 exstinctam

140 2625 252 2679 “esset
273 2620 333 2688 sed,
348 2619 402 2696 quu
417 2621 579 2697 impunitior
592 2621 639 2692 sit,
658 2619 693 2678 ed
706 2620 914 2678 effrenatiorem
928 2620 996 2686 lore.
1037 2617 1099 2676 Ali·
1202 2676 1208 2685 ,

142 2701 227 2759 “end
250 2699 411 2758 calamitate
432 2701 634 2758 documentum
656 2699 755 2757 datum
778 2699 833 2756 illis
846 2699 985 2757 'cavenda
998 2697 1099 2756 similis

142 2784 160 2816 “
170 2780 290 2857 injurie.
330 2778 418 2841 Quod
432 2780 512 2836 adse
526 2779 652 2846 attineat,
667 2795 783 2836 uxorem
806 2778 859 2836 sibi
881 2777 940 2836 leto
951 2788 1097 2854 ereptam:

112 2859 266 2930 ao“filiam,
280 2859 416 2935 quianon
437 2858 511 2916 nltrl
524 2858 629 2935 pudica
650 2857 758 2914 victore
781 2857 873 2928 fuerit,
891 2857 1033 2924 miseram,
1047 2857 1098 2914 sed

141 2941 327 3009 “honestnm
343 2949 459 2996 mortem
470 2937 648 2996 occubuisse.
689 2936 756 2994 Non
773 2955 836 2994 esse
854 2938 913 3014 jam
937 2935 1024 3012 Appii
1037 2935 1099 2994 libi·

142 3010 347 3078 “diuisionem
362 3017 391 3074 iri
411 3018 495 3076 domo
514 3019 584 3078 suu:
608 3016 644 3074 ab
657 3015 714 3074 aliu
732 3015 865 3084 violentia
878 3015 1052 3093 ejuseodem
1066 3035 1099 3074 se

142 3086 267 3157 “animo
279 3115 362 3155 suurn
383 3115 486 3172 corpus
505 3096 721 3166 vindicatorum,
742 3115 798 3170 qno
818 3093 1003 3154 vindicaverit
1023 3093 1105 3169 fuis„

144 3177 275 3239 “Ceteri
299 3175 352 3240 sibi
375 3195 410 3233 ac
429 3176 525 3233 liberis
545 3175 603 3233 sois
623 3173 832 3233 consulerent-'²
874 3175 946 3234 Haeo
967 3173 1099 3253 virginio

114 3253 308 3318 corociserauti
335 3254 527 3314 succlamabat
553 3245 714 3326 multitudo,
742 3273 797 3311 neo
815 3254 891 3312 illins
911 3253 1009 3327 dolori,
1041 3273 1097 3314 nec

144 3357 201 3398 sne
222 3336 344 3396 libertati
365 3355 395 3393 se
414 3333 567 3392 defuturos.
621 3331 659 3390 Et
676 3332 795 3390 immixti
810 3334 897 3392 turbe
917 3334 1037 3393 rnilitum
1058 3347 1099 3392 to·
1162 3394 1167 3404 ,

143 3420 211 3496 gali,
226 3435 313 3493 quum
334 3415 435 3472 cadem
456 3413 505 3471 illa
526 3413 680 3488 querendo,
695 3412 887 3490 docendoque,
901 3412 1006 3491 quantu
1026 3415 1096 3482 vise,

145 3497 228 3576 quim
242 3494 348 3567 andita,
362 3491 521 3570 indigniora
542 3493 688 3569 potuerint
703 3492 803 3566 uideri,
823 3493 907 3552 simul
920 3493 1096 3571 profligatam

142 3577 199 3658 jam
220 3571 452 3632 rem'unntiandc
470 3572 573 3631 Rome
586 3591 669 3642 esse3
702 3572 887 3650 insecutique,
908 3573 955 3649 qni
970 3571 1096 3648 Appium
1155 3589 1160 3600 ·

116 3656 228 3734 nprope
240 3653 440 3729 interemptum
455 3652 484 3711 in
497 3651 628 3711 exsiliato
642 3651 884 3731 abisseldicerent
902 3651 1095 3729 perpulerunt,
1201 3702 1203 3708 ,

148 3747 178 3794 nt
191 3735 226 3792 ad
240 3751 320 3792 arma
340 3732 573 3800 conclamaretur,
598 3731 787 3808 vellerentque
809 3734 900 3810 signa,
924 3741 954 3788 et
972 3729 1095 3788 Romam

117 3813 123 3824 ’
147 3813 400 3894 proficiscerentur.
439 3811 612 3884 Decemviri,
626 3810 709 3870 umul
723 3811 767 3868 bis
780 3825 842 3886 qne
854 3806 991 3868 ridebunt
1011 3807 1095 3868 simul
