2648 4340
21 321 23 468 t

21 567 25 736 t

492 363 595 414 traua
611 365 631 414 1.
651 379 711 416 esa.
724 377 778 414 xvr.
1078 375 1112 430 Π

156 519 188 570 et
198 507 274 585 qudd
288 509 349 586 ipsa
361 509 552 585 propinquitas
566 509 630 581 loci,
645 509 668 566 si
689 509 820 568 Romana
834 527 911 568 arma
922 507 1054 568 omuibus
1068 511 1110 569 in·

157 589 229 646 festa
237 589 367 646 finitimis
376 600 479 656 esseut,
488 589 658 658 stimulabat,
671 587 699 644 in
710 588 781 645 fines
790 589 935 647 Romanos
943 607 1111 648 excucurre-

156 678 232 738 runt,
246 668 439 742 populabundi
453 669 551 743 magis,
562 668 645 741 quarn
657 667 725 742 justi
736 685 812 724 more
824 667 897 724 belli.
940 668 1038 742 ltaque
1053 689 1108 727 non

157 747 260 806 castris
272 746 380 821 positis,
394 765 451 804 non
464 757 626 822 exspectato
647 745 767 802 hostium
789 747 925 814 exercitu,
946 758 1053 824 raptam
1074 768 1110 806 ex

135 825 234 901 aegris
259 826 383 900 praeda'rn
404 836 555 900 portantes,
577 825 662 900 Vejos
685 823 809 881 rediere:
831 825 980 882 &manus
1000 827 1109 896 contri,

156 915 306 979 postquam
326 905 434 962 hostem
459 904 488 961 in
509 905 583 980 agris
604 923 660 960 non
681 903 798 969 invenit,
812 904 985 962 dimicationi
1004 905 1110 964 ultimae

157 983 313 1040 instructus
339 984 529 1057 intentusque,
553 983 681 1040 Tiberim
709 983 826 1038 transit:
854 1002 936 1057 quem
964 995 1110 1060 postquam

157 1071 253 1118 castra
271 1081 385 1136 ponere,
399 1073 427 1118 et
449 1063 484 1118 ad
499 1063 596 1118 urbem
610 1079 790 1118 accessurum
805 1061 939 1136 Vejentes
958 1063 1109 1134 audivere3

157 1140 270 1198 obviarn
284 1141 401 1215 egressi,
417 1152 447 1196 ut
459 1140 550 1216 potiris
571 1140 632 1216 quie
650 1141 845 1206 decernerent,
860 1140 943 1214 quim
957 1142 1060 1200 inclusi
1074 1143 1110 1201 de
1206 1195 1209 1204 .

125 1219 242 1276 retectis
256 1219 450 1292 moenibusque
472 1219 648 1304 diminorum.
691 1219 744 1291 lbi,
758 1219 863 1276 viribus
884 1219 963 1276 nullia
983 1233 1041 1277 arte
1062 1223 1111 1278 ad·

156 1297 234 1374 jutis,
247 1297 358 1354 tantiam
379 1299 506 1432 frthptppi
528 1299 626 1359 robore
649 1299 787 1354 'exercitiis
801 1317 850 1356 ren
865 1297 1012 1356 Romanus
1026 1299 1109 1358 vicit:

158 1388 378 1452 persecutusque
415 1397 477 1433 rasos
491 1377 525 1434 ad
542 1377 646 1432 muenia
659 1377 762 1442 hostes,
776 1377 855 1448 urbe,
869 1377 962 1434 valida
976 1379 1062 1434 muris
1076 1398 1110 1436 ac
1207 1403 1212 1410 ¹
1301 1389 1302 1412 ¹

158 1455 214 1512 situ
227 1456 288 1530 ipso
301 1455 421 1526 munita,
436 1456 588 1512 abstinuit:
609 1473 690 1531 agros
703 1455 815 1512 rediens
838 1465 936 1528 vastat,
951 1455 1109 1515 ulciscendi

158 1534 260 1610 magis'
285 1533 371 1608 quam
397 1536 507 1608 praedm,
529 1534 630 1591 studio.
679 1533 776 1608 anue
797 1534 888 1600 clade,
910 1535 985 1592 haud
1015 1536 1110 1594 minias

127 1615 242 1687 taquam
256 1613 373 1670 adversa
387 1615 492 1688 pugna,
506 1613 616 1670 subacti
637 1613 772 1688 Vejentes
794 1632 894 1688 pacem
912 1614 1030 1688 petitum
1050 1635 1111 1672 ora·

157 1703 233 1748 tores
246 1692 369 1768 Romam
382 1693 505 1748 mittunt.
548 1692 618 1766 Agri
639 1703 718 1766 parte
738 1692 864 1748 multatis
877 1692 906 1748 in
927 1705 1042 1750 centurn
1062 1713 1110 1750 an-

157 1770 210 1828 nos
233 1761 356 1828 induciis
377 1771 458 1826 datae.
509 1771 580 1826 Haec
601 1770 698 1836 ferme,
724 1771 849 1828 Romulo
867 1783 1012 1846 regnante,
1033 1773 1108 1829 domi

158 1849 320 1923 militiaeque
334 1860 429 1924 gesta:
451 1869 568 1923 quorum
590 1849 657 1905 nibil
679 1850 816 1906 absonum
831 1849 895 1905 fidei
911 1851 1012 1906 divinae
1025 1852 1110 1928 origi·

158 1929 203 1986 nis
215 1929 424 2002 divinitatisque
439 1939 499 2002 post
513 1939 629 1984 mortem
644 1928 758 1984 creditae
773 1927 845 1996 fuir;
866 1947 922 1984 non
946 1929 1058 1985 animus
1080 1931 1108 1986 in

126 2026 246 2082 mregno
269 2008 343 2064 avito
363 2007 564 2082 recuperando,
589 2026 645 2062 non
669 2007 825 2062 condeodae
849 2007 926 2062 urbis
948 2007 1109 2080 consilium,

134 2125 138 2132 »
158 2105 214 2143 uon
230 2086 304 2142 bello
317 2105 351 2142 ac
364 2105 434 2160 pace
456 2081 616 2142 firmanda:
637 2085 672 2140 ab
693 2084 740 2140 illo
759 2086 836 2142 enim
857 2085 983 2159 prosectu
1005 2086 1109 2144 viribus

159 2165 231 2221 datis
254 2163 364 2220 tantam
385 2165 478 2234 valuit,
494 2165 565 2224 utin
580 2163 766 2238 quadraginta
786 2164 888 2220 deinde
909 2181 998 2220 annos
1017 2175 1108 2223 tutam

157 2262 258 2317 pacem
273 2243 397 2299 haberet.
440 2242 615 2300 lllultitudini
629 2253 722 2298 tamen
737 2243 841 2317 gratior
855 2242 916 2314 fuit,
926 2244 1009 2316 quam
1022 2243 1109 2300 Patri·

159 2322 228 2390 bus:
248 2322 332 2396 longe
354 2333 418 2378 aute
439 2323 508 2378 alios
529 2321 741 2396 acceptissimus
765 2321 884 2378 militum
906 2323 1027 2378 animis:
1054 2333 1109 2380 trs·

125 2411 312 2474 ascentosque
326 2413 446 2458 armatos
460 2401 494 2456 ad
508 2401 665 2458 custodiam
686 2401 817 2475 corporis,
832 2419 901 2474 quos
924 2401 1039 2458 Celeres
1063 2421 1109 2478 ap·

157 2479 280 2555 pellant,
295 2498 351 2536 non
365 2480 394 2536 in
410 2480 482 2536 bello
495 2478 593 2546 soldm,
608 2479 755 2536 sedetiam
770 2479 798 2536 in
813 2499 892 2554 pace,
907 2479 1012 2538 habuit.

124 2673 150 2704 -ρ
197 2636 281 2694 XVI.
302 2636 356 2693 His
370 2637 572 2695 immortalibus
591 2637 673 2694 editis
686 2636 825 2712 operibus,
839 2656 923 2710 quum
945 2638 981 2694 ad
1001 2639 1109 2694 exerci-

124 2707 143 2781 ἓ
158 2726 218 2772 tum
232 2717 438 2772 recensendum
462 2717 629 2772 concionem
651 2717 679 2772 in
700 2735 800 2790 eampo
814 2715 848 2772 ad
863 2715 963 2790 Capra:
977 2716 1108 2791 paludem

129 2798 143 2870 ἦ
158 2795 285 2865 haberet,
299 2794 390 2850 subitd
404 2805 499 2850 coorta
512 2805 662 2868 tempestas
675 2813 740 2850 oum
756 2813 857 2870 magno
879 2794 987 2869 fragore
1001 2795 1108 2851 tonitri-

130 2874 143 2901 ⁴
159 2873 266 2947 busque
280 2885 336 2930 tam
351 2873 439 2929 denso
452 2892 548 2948 regem
562 2872 671 2946 operuit
684 2872 790 2944 nimbo,
805 2885 836 2928 ut
850 2885 1032 2947 conspectum
1047 2872 1108 2948 ejus
1171 2892 1182 2918 r

21 2997 23 3028 q
123 2952 290 3018 §concioni
314 2953 476 3008 abstulerit:
506 2970 560 3008 uec
584 2952 687 3008 deinde
714 2951 742 3006 in
769 2951 849 3007 terris
876 2951 1016 3008 Romulus
1046 2952 1106 3010 fuit.

128 3037 142 3110 «ξ
158 3031 293 3088 Romana
305 3031 401 3104 pubes,
416 3031 514 3088 sedato
527 3031 640 3087 tandem
664 3049 774 3104 pavore,
788 3040 932 3104 postquam
947 3048 982 3086 ex
995 3029 1108 3090 turbido

123 3109 205 3166 edie
220 3127 320 3166 serena
333 3120 360 3166 et
375 3110 522 3184 tranquilla
532 3109 581 3166 lux
592 3109 684 3180 rediit,
699 3109 745 3165 ubi
760 3127 876 3164 vacuam
890 3107 985 3164 sedem
1000 3109 1107 3186 regiam

159 3187 236 3257 vidit,
258 3187 310 3244 etsi
331 3189 397 3244 satis
424 3190 557 3244 credebat
583 3188 721 3254 Patribus,
748 3188 794 3260 qui
822 3185 939 3261 proximi
962 3199 1106 3262 steterant,
1179 3179 1186 3194 '

123 3266 308 3331 msublimem
321 3279 429 3341 raptum
445 3265 583 3340 procella:
604 3277 708 3332 tamen,
723 3267 798 3327 velut
810 3263 936 3322 orbitatis
950 3283 1026 3324 metu
1040 3269 1106 3340 icta,

158 3355 290 3406 moestum
305 3345 475 3420 aliquamdiu
494 3343 636 3400 silentium
656 3344 785 3400 obtinuit.
827 3343 948 3413 Deinde,
970 3336 988 3402 a
1008 3347 1106 3422 paucis

158 3423 240 3482 initio
263 3423 346 3490 facto,
362 3425 454 3480 Deum
479 3423 541 3480 Deo
563 3433 670 3488 natum,
690 3441 795 3498 regem,
809 3433 1008 3500 parentemque
1029 3425 1106 3482 urbis

158 3503 299 3561 Romanae
313 3504 418 3560 salvere
432 3502 554 3560 universi
566 3501 720 3559 Romulum
732 3502 847 3578 jubent:
862 3521 960 3578 paoem
974 3503 1105 3578 precibus

118 3619 123 3626 -
158 3597 326 3658 exposcunt,
349 3580 390 3639 uti
411 3582 505 3639 voleus
525 3581 660 3657 propitius
680 3601 760 3638 suam
781 3601 890 3658 semper
910 3583 1025 3656 sospitet
1044 3601 1106 3656 pro-

126 3661 283 3738 ogeniem.
324 3661 424 3718 Fuisse
444 3662 529 3718 credo
542 3671 601 3718 tum
621 3679 730 3735 quoque
744 3661 858 3735 aliquos,
872 3662 920 3735 qui
933 3661 1105 3734 discerptum

159 3759 256 3816 regem
270 3741 383 3798 Patrum
398 3740 527 3796 manibus
540 3739 617 3796 taciti
632 3751 797 3815 arguerent:
818 3740 940 3796 manavit
952 3737 1028 3794 enirn
1043 3739 1105 3797 hee

160 3839 280 3896 quoque,
307 3820 356 3878 sed
384 3819 562 3954 ρετοὸὲξιιη,
588 3819 671 3875 fama
724 3817 804 3900 Illam
838 3817 953 3874 alteram
982 3817 1108 3875 adrnira-
