2648 4340
191 385 228 444 18
572 385 640 435 ΤΙΤΙ
656 385 741 435 L1v11

189 525 228 583 tio
241 525 291 582 viri
312 535 340 582 et
358 544 442 600 pavor
454 545 578 602 presens
599 528 761 586 nobilitavit.
803 529 930 587 Consilio
949 530 1033 588 etiarn
1048 529 1134 588 unius

189 605 310 662 hominis
331 605 426 662 addita
448 607 488 662 rei
510 606 613 662 dicitur
627 607 715 662 fides:
744 625 864 680 namque
875 607 1015 666 Proculus
1029 608 1133 682 Julius,

189 683 307 740 sollicita
320 684 432 740 civitate
456 685 596 741 desiderio
619 685 701 759 regis,
726 696 754 742 et
777 686 886 742 infensa
908 686 1047 754 Patribus,
1070 707 1134 762 gra·

190 761 239 832 vis,
253 773 284 818 ut
297 762 423 832 traditur,
440 763 567 836 quamvis
589 781 698 841 magnae
722 764 761 820 rei
786 775 891 830 auctor,
913 765 942 821 in
966 767 1133 822 concionem

188 841 287 913 prodit.
329 845 346 870 “
355 841 523 907 Romulus'’
537 841 637 916 inquit,
657 851 675 876 “
684 841 821 908 Quirites,
834 861 936 916 parans
950 845 1026 900 urbis
1040 845 1133 919 hujus,
1155 857 1170 894 ⁵

189 919 306 994 “prima
319 919 454 976 hodierna
474 919 539 976 luce
561 920 633 976 coelo
652 920 767 994 repente
790 920 929 995 delapsus,
952 941 983 978 se
1006 923 1074 978 mihi
1087 923 1135 979 ob-

188 999 208 1032 “
219 998 293 1054 vium
308 997 401 1054 dedit:
420 1015 516 1071 quum,
530 999 657 1073 perfusus
671 999 782 1055 horrore
796 1001 1072 1074 uenerabundusque,
1087 1002 1136 1057 ad-

188 1076 358 1146 “stitissem
379 1087 477 1150 petens
502 1077 642 1151 precibus,
667 1088 698 1132 ut
723 1078 821 1134 contrd
847 1077 948 1134 intueri
974 1078 1018 1136 fas
1042 1087 1136 1148 esset‚·

188 1154 303 1221 “‘Auq
325 1154 443 1221 nuntia,’
469 1155 568 1232 inquit,
593 1155 761 1222 ‘Romanis
784 1156 920 1212 Caelestes
943 1157 1080 1224 baralla,
1106 1170 1135 1214 ut

62 1279 63 1282 ,
112 1229 113 1232 ’
188 1235 299 1288 “‘mea
311 1232 405 1288 Roma
418 1243 501 1305 caput
514 1233 588 1288 orbis
603 1247 738 1290 terrarum
753 1233 804 1290 sit:
835 1235 950 1309 proinde
961 1254 1020 1292 reru
1035 1236 1134 1292 milita·
1145 1247 1169 1286 1⁰

57 1315 60 1320 '
117 1359 119 1364 ,
188 1314 206 1344 “
217 1313 294 1368 ‘rem
305 1310 417 1379 ,colante
437 1311 593 1384 sciantque,
608 1322 636 1368 et
649 1312 687 1368 ita
700 1312 818 1388 posteris
831 1314 951 1378 tradant,
963 1313 1054 1370 nullas
1067 1323 1136 1388 opes
1153 1316 1155 1330 '

188 1392 206 1424 “
218 1393 227 1424 ‘
237 1383 373 1446 humanas
386 1389 470 1444 armis
484 1389 624 1446 Romanis
637 1389 765 1446 resistere
780 1391 879 1464 posse’
920 1391 1021 1458 Haec‚''
1036 1391 1135 1466 inquit,
1217 1419 1228 1462 j

188 1471 207 1503 “
218 1468 338 1538 locutuS,
352 1467 479 1522 sublimis
493 1467 591 1523 abiit.'’
632 1467 747 1533 Mirum,
771 1480 905 1540 quantum
920 1470 958 1526 illi
973 1470 1040 1536 viro,
1062 1490 1136 1526 nun·

188 1546 269 1604 lianti
283 1547 353 1611 haec,
368 1545 433 1601 fidei
448 1545 546 1614 fuerit;
577 1547 715 1620 quamque
737 1547 907 1604 desiderium
929 1547 1046 1604 Romuli
1060 1551 1134 1623 apud

188 1627 299 1702 plebem
313 1623 533 1698 exercitumque,
555 1624 628 1680 lacti
650 1624 705 1680 lide
719 1625 942 1692 immortalitatis,
956 1627 1073 1684 lenitum
1089 1629 1133 1684 sit.
1145 1639 1170 1678 1⁵

194 1801 195 1806 ¹
227 1781 326 1839 XVII.
347 1781 460 1836 Patrum
474 1781 586 1838 interim
599 1781 708 1838 animos
720 1791 863 1838 certarnen
884 1783 963 1858 regni
985 1801 1019 1840 ac
1033 1781 1152 1858 cupido,

188 1859 333 1918 versabat:
362 1855 667 1936 necdumasingulis‚
690 1861 756 1934 quia
778 1879 862 1918 nemo
885 1871 1054 1936 magnopere
1067 1855 1168 1919 emi-¹¹
1200 1868 1220 1904 ·‘'

50 1937 52 1941 ’
106 1970 107 1974 1
188 1939 316 1996 nebatiu
330 1957 402 1994 noro
424 1938 535 2013 populo,
548 1949 733 2014 pervenerant
747 1938 901 1996 factiones:
936 1941 1007 1996 inter
1020 1941 1134 2007 ordines

188 2017 355 2074 certabatur.
385 2015 517 2074 'Oriundi
531 2019 567 2074 ab
590 2017 712 2089 Sabinis,
733 2035 780 2084 ne,
802 2019 868 2092 quia
890 2032 951 2093 post
971 2019 1047 2074 Tatii
1062 2039 1134 2077 mor-

188 2109 245 2154 tem
259 2095 294 2152 ab
308 2099 359 2153 sual
370 2106 447 2169 parte
460 2107 590 2174 nouerat
603 2106 760 2172 regnatum,
782 2097 811 2153 in
835 2098 968 2154 societate
981 2097 1061 2171 aequal
1073 2104 1168 2172 pos-m

188 2175 341 2232 sessionem
355 2172 463 2250 imperii
478 2173 646 2242 amitterent,
660 2175 703 2232 sui
727 2175 849 2250 corporis
870 2177 958 2232 creari
979 2193 1134 2250 regemve·

107 2309 112 2313 ,,
188 2255 292 2310 lebant.
333 2253 457 2310 Romani
472 2265 579 2310 veteres
592 2254 769 2330 peregrinum
781 2259 876 2328 regem
885 2255 1132 2328 adspernabantur.

189 2332 224 2389 In
239 2330 323 2388 variis
335 2332 531 2402 voluntatibus,
544 2333 656 2406 ¹regnari
671 2345 764 2427 tqrqen
785 2351 885 2389 omnes
901 2334 1038 2401 volebant,
1052 2333 1138 2390 liber·

188 2410 253 2468 tatis
267 2409 417 2466 dulcedine
431 2406 694 2485 nondun‘orpeltt:
706 2409 714 2434 ³
734 2411 833 2467 Timor
854 2411 958 2467 deinde
985 2413 1078 2468 Patres
1093 2413 1133 2468 in-

153 2485 155 2490 ’
189 2488 285 2554 cessit,
299 2488 490 2544 nocuitatem
504 2489 566 2546 sine
584 2490 709 2563 imperio,
724 2490 879 2546 exereitum
892 2489 954 2544 sine
967 2491 1049 2558 dirce,
1065 2491 1169 2547 mul-'³³⁵

189 2563 281 2624 tarum
299 2566 375 2622 circi
396 2565 549 2624 civitatium
573 2567 685 2624 irritatis
705 2567 814 2636 animis,
836 2569 877 2624 vis
902 2568 994 2640 aliqua
1017 2580 1134 2625 externa

189 2645 360 2703 adoriretur:
376 2655 409 2722 ..²¹
422 2663 484 2700 esse
498 2645 581 2718 igitur
595 2645 716 2720 aliquod<
727 2657 812 2722 caput
833 2645 979 2720 placebam
1007 2658 1035 2702 et
1049 2665 1134 2704 nemo

189 2723 269 2781 alteri
289 2722 445 2779 concedere
470 2723 498 2778 in
520 2724 644 2779 animum
669 2723 843 2780 inducebat.-
869 2723 913 2780 Ita
933 2743 990 2780 rem
1014 2725 1085 2780 inter
1103 2745 1134 2782 se

189 2813 305 2859 centum
319 2799 425 2866 Patres,
440 2802 538 2856 decem
553 2802 681 2858 decuriis*
695 2801 784 2867 factis,
809 2801 980 2876 singulisque
994 2803 1023 2860 in
1037 2804 1134 2879 singu·

189 2881 231 2936 las
255 2879 384 2936 decurias
410 2880 520 2950 croatie,
546 2880 592 2953 qui
619 2899 734 2936 summe
760 2899 852 2936 rerum
878 2891 1038 2954 preessent,
1067 2887 1170 2939 con-³0

188 2959 315 3018 sociant:
348 2957 447 3014 decem
475 2958 685 3032 imperitabant;
719 2977 792 3014 unus
813 2977 879 3014 cum
904 2959 1065 3034 insignibus
1082 2961 1133 3018 im·

188 3037 259 3126 perii
282 3047 311 3092 et
330 3035 475 3092 lictoribus
494 3047 569 3092 erat:
603 3037 723 3110 quinque
747 3031 854 3122 dlerpm
875 3037 965 3112 spatio
985 3037 1166 3110 finiebaturg

189 3115 346 3189 imperium,
361 3133 395 3170 ao
407 3133 456 3188 per
476 3133 574 3170 omnes
594 3113 623 3169 in
643 3099 827 3173 orberfi‘iblt:
855 3135 1035 3191 annuumque
1049 3117 1162 3184 inter-‚0

191 3193 294 3259 vallum
309 3193 461 3267 regni-suit.
503 3193 537 3248 Id
551 3193 586 3248 ab
604 3211 633 3248 re
656 3193 740 3268 (quod
762 3212 839 3250 nunc
859 3211 971 3274 quoque
993 3206 1069 3251 tenet
1083 3199 1167 3258 tro-dl

190 3271 267 3340 meni
294 3271 484 3346 interregnum
512 3271 687 3346 appellatum.
747 3258 879 3331 Freme'r'a
911 3273 1015 3329 deinde
1037 3272 1159 3354 plebs..
1313 3291 1314 3350 l

190 3347 402 3423 multiplicatam
416 3351 585 3416 servitutem,
609 3361 722 3406 centum
744 3369 792 3424 pro
813 3370 870 3408 uno
882 3351 1010 3408 dominos
1024 3349 1130 3407 sacros:
1145 3372 1159 3414 ,ο
1313 3353 1314 3390 l

190 3445 245 3486 nec
258 3426 330 3484 ultrai
343 3425 397 3492 nisi
411 3441 516 3502 regem,
537 3440 565 3485 et
587 3429 621 3484 ab
643 3429 711 3503 ipsis
729 3439 864 3496 creatum,
883 3429 1048 3484 videbantur
1069 3429 1165 3506 pas-⁸3¹

171 3523 173 3532 ’
191 3505 257 3564 suri.
295 3503 395 3565 Quum
409 3507 561 3562 sensissent
573 3525 608 3562 ea
621 3507 722 3563 moveri
745 3507 851 3576 Patres,
871 3507 1043 3580 offerendum
1059 3505 1164 3564 ultro*-

191 3584 254 3652 rati,
267 3584 340 3658 quod
354 3581 482 3640 amissuri
495 3594 584 3650 erant,
599 3584 637 3640 ita
656 3585 773 3659 gratiam
796 3582 904 3650 ineunt,
919 3587 1025 3640 summa
1040 3596 1131 3659 potes·

189 3673 248 3719 tate
261 3661 362 3738 populo
374 3662 517 3736 permissa,
531 3673 630 3718 utnon
644 3663 706 3738 plus
723 3664 820 3718 darent
832 3661 910 3738 juris,
925 3661 1008 3737 quem
1023 3664 1130 3722 detine·
1140 3676 1169 3716 to.

191 3751 273 3807 rent:
293 3741 476 3816 decreverunt
489 3740 575 3807 enim,
591 3752 630 3805 ut,
642 3759 726 3814 quum
741 3741 866 3816 populus
878 3760 972 3816 regem
992 3741 1129 3816 jussisset,

192 3818 221 3876 id
247 3819 288 3876 sic
313 3829 404 3884 ratum
419 3829 507 3885 esset,
528 3819 552 3876 si
575 3819 672 3877 Patres
691 3831 819 3877 auctores
839 3819 954 3876 fierent:
982 3821 1130 3898 hodieque,
