2648 4340
132 337 135 348 '
172 363 212 423 aa
569 361 636 412 arn
654 361 737 412 nrvu

119 523 122 528 ‘
173 504 238 582 piris
252 504 367 576 Albam,
380 505 560 583 triaAlbana
573 506 696 564 Romam
717 525 823 582 versus,
835 505 886 562 sed
901 503 1032 562 distantia
1045 503 1134 576 locis,-

172 595 203 642 et
216 595 247 642 ut
261 597 415 660 pugnaturn
430 595 481 642 est.
512 616 514 620 ·
547 605 549 608 ·

213 739 326 800 XXVI.
354 743 520 819 Priusquam
535 743 601 800 iude
615 743 839 820 digrederentur,
853 742 963 820 roganti
979 741 1076 814 Metto,
1090 761 1126 800 ex

175 821 280 878 t'oedera
295 823 352 880 icto
365 823 431 898 quid
446 824 605 898 imperaret,
630 823 749 898 imperat
772 823 883 893 Tullus,
899 821 939 879 uti
950 823 1125 897 juventutem

144 955 145 958 ,
175 900 205 957 in
221 902 440 960 armishabeat:
472 921 586 960 usurum
612 921 642 959 se
666 921 762 960 eorum
785 906 879 977 opert,
904 901 927 957 si
941 901 1046 958 bellurn
1060 909 1165 958 cum⁵

175 980 345 1055 Vejeutibus
359 981 447 1038 foret:
469 981 508 1038 ita
521 981 663 1038 exercitus
687 982 752 1038 iude
771 981 869 1038 domos
883 980 1006 1051 abducti.
1048 979 1127 1054 Priu-

176 1077 243 1134 ceps
259 1059 393 1118 Horatius
414 1061 492 1144 ipat,
505 1059 655 1157 trigemina
680 1061 768 1136 spolia
792 1079 848 1134 pre
869 1075 904 1116 se
926 1077 1047 1134 gerens:
1077 1059 1130 1119 c'ui

176 1157 251 1195 soror
265 1141 352 1214 virgo,
366 1159 428 1214 quar
442 1133 580 1215 'despdnsa
593 1139 643 1196 uni
657 1159 692 1196 ex
706 1139 840 1196 Curiatiis
853 1138 953 1204 luerat,
967 1137 1049 1194 obuia
1063 1150 1127 1202 ente
1157 1139 1159 1144 ’

175 1229 282 1292 portem
305 1219 453 1294 Capenam
478 1220 547 1288 fuit;
581 1219 751 1294 cognitoque
775 1237 857 1294 super
882 1219 1013 1274 humeros
1037 1201 1133 1274 lraltis‘
1181 1249 1183 1254 ·

72 1339 75 1366 ,
106 1345 116 1364 ,
176 1295 375 1371 paludamento
389 1299 493 1374 sponsi,
506 1298 580 1374 quod
606 1298 666 1372 ipsa
689 1297 860 1365 confecerat,
884 1297 965 1353 solvit
983 1291 1165 1366 orirresgreru

176 1373 306 1433 flebiliter
321 1379 583 1453 nominespousum
606 1388 746 1434 mortuum
761 1376 890 1452 appellat.
932 1375 1027 1432 Movet
1040 1368 1128 1432 feroci

174 1452 272 1530 juveni
287 1457 412 1514 animum
427 1457 609 1532 comploratio
621 1456 725 1514 sororis
749 1455 778 1511 in
803 1455 917 1512 victorii
932 1457 980 1512 sul
996 1465 1128 1528 tantoque

176 1535 281 1610 gaudio
295 1535 415 1609 publico.
458 1536 562 1594 Stricta
586 1535 678 1609 itaque
701 1534 805 1610 gladio,
829 1533 911 1593 simul
934 1532 1025 1590 verbis
1040 1533 1130 1592 incre-

177 1631 258 1686 pans,
272 1614 410 1690 transfigit
424 1614 555 1690 puellam.
596 1615 684 1671 “Abi
699 1614 766 1670 hinc
778 1631 846 1670 curn
871 1613 1020 1670 immaturo
1034 1631 1129 1668 amore

177 1693 244 1748 “ad
259 1694 423 1768 sponsum,’'
438 1693 539 1768 inquit,
558 1693 674 1750 “oblita
689 1693 804 1766 fratrum
820 1691 1129 1826 mortuorrtmfflpyin'que,
1140 1703 1166 1741 1⁵

177 1772 196 1804 “
209 1771 295 1827 oblita
309 1773 415 1846 patriar.
446 1773 495 1830 Sic
508 1783 565 1840 eat,
587 1791 772 1846 quaecumque
793 1771 926 1828 Romana
937 1768 1010 1846 'luge
1032 1790 1039 1826 r
1067 1771 1128 1826 hos·

178 1851 198 1884 ‘⁴
210 1849 295 1906 tem.‘'
337 1853 426 1909 Atrox
440 1852 528 1909 visum
544 1852 572 1909 id
586 1851 697 1908 facinus
712 1849 840 1908 Patribus
853 1849 1003 1925 plebique:
1024 1849 1073 1905 sed
1088 1867 1130 1906 re-

177 1947 247 1986 cens
261 1930 391 1988 meritum
407 1932 480 1988 lactc
494 1932 640 1989 obstabat:
661 1941 757 1988 tamen
768 1935 863 2004 raptus
875 1929 904 1986 in
915 1929 961 2004 jus
975 1929 1010 1984 ad
1024 1947 1129 2004 regern.

178 2007 256 2076 Rex,
271 2029 307 2066 ne
322 2009 381 2084 ipse
395 2021 452 2067 tarn
466 2011 552 2068 tristis
575 2010 733 2086 ingratique
757 2009 793 2066 ad
816 2008 916 2085 vulgus
937 2007 1047 2084 judicii,
1072 2018 1130 2080 aut,

178 2090 336 2146 secundnm
348 2089 498 2164 judicium,
518 2090 648 2164 supplicii
672 2101 770 2146 auctor
793 2099 875 2157 esset,
900 2086 1022 2144 concilio
1036 2088 1167 2161 populis

178 2167 322 2235 advocato,
337 2175 354 2202 ‘⁸
367 2169 565 2236 Duumviros,'’
578 2169 677 2243 inquit,
691 2179 709 2204 “
720 2168 767 2242 qui
779 2167 899 2224 Horatio
909 2165 1131 2241 perduellionum

178 2247 196 2280 “
205 2245 344 2321 judicent,
356 2247 516 2304 secundum
530 2248 622 2322 legem
637 2247 739 2304 sacio.’'
780 2247 840 2304 Lex
853 2245 983 2303 horrendi
997 2245 1131 2302 carminis

179 2338 257 2381 erat:
298 2329 316 2360 ‘⁶
329 2326 477 2382 Duunrviri
492 2327 712 2401 perduellionem
724 2325 862 2402 judicent.
904 2325 935 2382 Si
950 2323 1132 2380 aduumviris

178 2407 197 2440 “
210 2405 375 2478 provocarit,
390 2406 586 2479 provocatione
601 2417 726 2462 certato:
757 2405 781 2462 si
805 2405 929 2476 vincent,
944 2415 1029 2478 caput
1042 2404 1131 2460 obnu-

178 2486 198 2518 “
210 2483 286 2539 bito:
308 2481 414 2540 infelici
429 2484 519 2541 arbori
534 2495 607 2540 reste
628 2483 810 2558 suspendite:
841 2484 987 2540 verberato
1001 2482 1044 2538 vel
1059 2483 1166 2540 intras

179 2566 197 2598 ‘⁴
210 2564 384 2637 pornoerinm,
399 2563 441 2620 vel
456 2567 536 2622 extra
547 2563 743 2638 poruoerium.''
765 2563 829 2619 Hac
840 2563 902 2638 lege
916 2561 1057 2618 duumviri
1071 2579 1132 2618 cre-

179 2641 217 2700 ati
234 2641 292 2716 (qui
308 2662 337 2698 sa
352 2642 496 2700 absolvere
511 2661 567 2699 nou
582 2643 715 2699 rebantur
728 2642 763 2699 eri
777 2642 849 2716 lege,
865 2659 900 2698 ne
910 2641 1057 2698 innoxium
1071 2641 1133 2714 qui·

179 2723 255 2787 dem,
265 2723 358 2800 posse)
371 2741 455 2796 quum
465 2722 702 2782 condemnassent
710 2741 721 2790 ¹;
735 2733 795 2778 turn
807 2721 875 2778 alter
887 2739 922 2777 ex
934 2720 986 2786 his,
1001 2725 1018 2754 “
1029 2719 1058 2776 Ρ.
1073 2721 1133 2777 Ho-

180 2806 198 2836 “
210 2801 273 2874 rati,
287 2801 337 2858 tibi
352 2801 572 2876 perduellionem
584 2801 710 2877 judico‚''
725 2799 823 2876 inquit.
855 2803 872 2834 “
885 2799 910 2864 l,
924 2799 1014 2866 lictor,
1030 2799 1133 2875 colliga

179 2881 308 2938 manus.”
359 2885 523 2937 Accesserat
536 2880 626 2953 lictor,
651 2880 849 2956 injiciebatque
873 2879 1012 2954 laqueum.
1053 2877 1166 2938 Turn³⁰

180 2959 325 3026 Horatiae,
341 2972 454 3016 auctore
468 2959 564 3032 Tullo,
579 2959 718 3016 clemente
733 2959 803 3034 legis
824 2959 985 3034 interprete,
1005 2958 1134 3018 “Provo-
1204 3018 1208 3024 ,
1244 3017 1246 3024 1

180 3039 242 3106 cu,'’
259 3039 367 3111 inquit:
392 3040 430 3096 ita
444 3041 479 3099 de
494 3039 690 3113 provocatione
711 3049 848 3094 certaturn
873 3037 908 3094 ad
932 3038 1064 3116 populum
1079 3051 1131 3096 est

181 3115 253 3174 Moti
268 3119 396 3174 homines
411 3119 518 3175 suntin
533 3138 567 3176 eo
588 3117 706 3194 judicic,
731 3116 853 3174 maxime
875 3117 906 3174 P.
923 3117 1041 3175 Horatio
1054 3129 1131 3192 patre

180 3196 381 3272 proclamante,
391 3218 421 3255 se
430 3198 514 3256 liliam
521 3199 584 3274 jure
593 3204 694 3254 cassam
701 3195 844 3272 judicare:
858 3196 888 3254 ui
900 3198 939 3256 ita
949 3207 1031 3263 esset,
1044 3197 1132 3272 patrio

179 3276 242 3352 jure
267 3276 295 3331 iu
320 3276 407 3332 filiurn
423 3277 681 3334 animadversurum
703 3276 797 3333 luisse.
838 3277 945 3336 Orabat
968 3273 1081 3347 deinde,
1095 3284 1167 3332 nette

181 3373 222 3420 se,
237 3373 319 3428 quern
333 3353 416 3430 peuld
427 3357 491 3414 ante
503 3377 569 3414 curn
580 3355 692 3433 egregii
705 3357 789 3432 stirpe
801 3359 1021 3432 conspexissent,
1032 3353 1132 3412 orbum

181 3433 278 3492 liberis
292 3431 427 3490 facerent.
462 3435 540 3493 Inter
552 3439 613 3492 haec
624 3453 721 3508 senex,
733 3435 865 3510 juvenem
880 3435 1033 3510 amplexus,
1044 3433 1134 3507 spolia

180 3513 374 3570 Curiatiorum
389 3513 444 3570 lixa
458 3533 492 3570 eo
505 3515 576 3583 loco,
598 3515 645 3588 qui
660 3531 737 3570 nunc
762 3513 824 3570 Pila
837 3513 955 3571 Horatia
969 3511 1131 3586 appellatur,

181 3603 336 3658 ostentans,
363 3591 578 3661 “Hunccine‚”
605 3593 707 3664 aiebat,
737 3593 849 3666 “quern
872 3591 955 3650 modu
969 3593 1133 3653 decoratum

181 3673 201 3708 “
212 3684 398 3746 ovantemque
409 3671 522 3728 viatoris
532 3672 712 3728 incedentem
728 3671 845 3744 vidistis,
858 3671 996 3742 Quirites
1006 3689 1071 3728 eum
1081 3674 1167 3737 subtr

183 3753 208 3787 “
218 3750 300 3808 fures
314 3751 439 3824 vinctum
453 3751 525 3808 inter
539 3751 656 3808 verbera
678 3764 706 3808 et
728 3751 871 3810 cruciatus
884 3753 978 3832 videre
993 3753 1108 3826 potestis
1120 3755 1131 3810 l

182 3831 288 3905 “quod
303 3831 349 3888 vix
363 3832 537 3908 Albanorum
550 3829 626 3910 oculi
640 3841 697 3888 tarn
711 3833 835 3890 deforme
856 3831 1134 3908 spectaculum'serre
1162 3835 1163 3838 ’
1193 3909 1195 3916 χ
