2642 4338
414 323 926 427 1³mmmm.'
1057 371 1130 432 m

158 512 180 552 ‘⁴
191 509 326 588 deinceps
340 531 477 574 annorum
488 516 541 572 'sel
561 516 703 575 secundas
721 531 785 589 res‚·
796 515 839 573 rel
859 513 1006 574 adverus:
1032 515 1113 575 'inre-

159 593 179 626 “
190 591 274 648 nietis
287 592 383 649 omnia
402 595 531 670 prospere
545 597 672 652 evenisse
691 595 873 669 sequentibus
887 595 974 668 Deos,
995 595 1112 654 adversa

158 671 395 744 “spernentibus
437 672 504 740 lam·
515 675 641 731 omniurn
662 674 784 749 primurn
801 673 906 750 Vejens
919 675 1023 732 bellum
1047 675 1111 752 (per

157 750 256 824 “quot
269 743 368 817 annos,
381 753 487 826 quinto
500 751 718 828 laboregestum
732 753 753 830 Ι)
763 769 831 828 'non
846 754 1000 829 antecepit
1014 753 1110 822 linem,

134 827 283 902 aflqubm,
298 827 406 887 monitu
420 829 556 897 Deorum,
572 849 645 906 aqua
667 851 703 889 ex
727 831 800 888 lacu·
817 831 928 889 Albano
941 833 1045 890 emissa
1057 843 1114 890 est.-

156 907 269 968 “Quid
283 909 345 964 haec
357 909 473 966 tandem
494 910 571 967 urbis
591 911 693 968 nostre
717 909 926 982 cladesuoral
960 931 1030 970 num
1044 909 1110 968 antri
1184 947 1187 954 .

117 991 120 996 '
155 985 177 1030 ὕ
186 997 285 1044 exorta
298 999 350 1054 est,
365 987 449 1062 quim
462 999 556 1064 spreta
569 1007 626 1058 voa¹
635 989 707 1047 coelo
720 990 823 1046 emissa
845 989 882 1059 de
905 990 1030 1050 aduentu
1043 988 1110 1046 Gal·

156 1065 300 1126 “loruml
333 1065 415 1141 quini
439 1067 568 1144 gentium
590 1068 636 1160 jus
656 1067 800 1144 ablegati
833 1068 934 1125 nostris
953 1069 1109 1128 violatuml

154 1147 173 1180 “
184 1145 269 1224 quim
283 1145 404 1214 anobis,
419 1153 505 1222 quuin
519 1147 657 1204 vindicari
669 1147 796 1214 deberet,
820 1143 921 1204 eadem
935 1141 1122 1224 negligentia,¹

123 1222 312 1282 uenenum
338 1226 580 1299 pretermissum!
631 1225 722 1302 [gitur
749 1225 824 1296 victi,
839 1226 982 1301 ,captique
1010 1244 1109 1284 acre-

155 1305 174 1340 ⁶‘
185 1302 301 1378 dempti,
316 1313 425 1361 tanturn
446 1321 593 1380 prunarum
608 1303 671 1362 Diis
685 1305 1054 1380 hominibusque-dedimus,
1070 1313 1108 1362 'ut

153 1385 173 1417 “
184 1392 322 1438 terrarum
343 1383 403 1440 orbi
424 1385 595 1442 documento
610 1389 745 1444 essemus.
786 1384 921 1440 Adrersse
936 1383 1107 1445 'deluderes

153 1461 392 1518 “admonuerunt
411 1463 587 1540 religionum.
628 1462 817 1538 Coniugimus
829 1463 860 1520 ia
880 1461 1051 1540 Capitolium
1069 1462 1106 1520 ad

153 1542 172 1577 “
183 1539 271 1606 Deos,
287 1541 323 1596 ad
337 1541 433 1598 sedem
446 1542 524 1599 Jovis
538 1541 647 1618 Optimi
663 1541 780 1600 Maximi
792 1561 806 1610 ε,
829 1558 910 1600 secra
923 1541 952 1600 in
966 1538 1049 1600 ruina
1063 1561 1107 1600 re·

19 1645 21 1658 ν
121 1626 246 1675 ts“rum
260 1631 416 1678 nostrarum
435 1621 583 1680 alia'tarrae
598 1619 761 1688 celavimus,
784 1620 847 1694 alia,
866 1631 964 1680 avecta
977 1619 1006 1678 in
1019 1608 1106 1680 liniti·
1174 1669 1178 1676 ,

152 1702 170 1736 “
183 1717 245 1756 mas
258 1698 352 1772 urbes,
366 1701 521 1758 amovimus
535 1700 570 1757 ab
585 1699 705 1758 hostiurn
718 1699 818 1764 oculis.
847 1699 972 1758 Deorum
986 1701 1106 1783 cellum,
1144 1749 1151 1774 ,

152 1777 288 1834 “deserti
309 1777 345 1834 eb
367 1777 430 1836 Diis
453 1779 679 1854 hominibusque,
691 1785 795 1836 'tamen
816 1787 873 1836 'non
893 1779 1103 1860 intermisimus.

151 1861 170 1894 “
185 1856 349 1914 Reddidere
362 1858 448 1934 igitur
467 1858 596 1933 patriam,
616 1869 645 1915 et
659 1856 814 1930 victoriam,
837 1869 866 1916 et
879 1857 1023 1932 antiqmn
1037 1858 1108 1938 belli.

150 1940 171 1974 “
181 1935 271 1992 decus
285 1935 417 1994 amissum
432 1955 438 1993 :
459 1949 488 1993 et
501 1937 531 1994 iu
545 1929 648 2003 histes,
659 1936 708 2012 qui
722 1936 792 1993 ceci
807 1935 923 1997 avaritie
936 1937 966 1992 in
979 1938 1104 2012 pondere

119 2020 170 2068 ποί(
182 2014 243 2072 auri
271 2014 363 2072 soedus
383 2033 418 2073 ac
438 2013 522 2073 fidem
543 2014 710 2082 fefellerunt,
739 2025 882 2072 uerterunt
908 2015 1041 2072 terrorem
1062 2015 1105 2077 su·

150 2101 169 2133 ‘³
180 2103 303 2171 gamque
316 2104 345 2150 et
358 2095 475 2152 cudero.
559 2161 563 2172 Δ

191 2251 257 2312 LII.
278 2254 297 2288 “
309 2251 381 2310 Huc
393 2252 463 2310 culti
484 2252 663 2329 neglectique
676 2233 801 2313 numinis
821 2206 1102 2330 tantqssiri'onumeuta

148 2339 169 2371 “
180 2335 211 2392 in
232 2330 317 2393 rebus
344 2331 475 2389 humanis
498 2343 657 2397 cernentes,
685 2331 787 2406 ecquid
815 2331 937 2398 sentitis,
956 2329 1102 2406 Quirites,

148 2418 325 2488 “quantum,
350 2411 462 2468 vixdum
493 2429 509 2466 e
530 2409 684 2488 naufragiis
702 2409 810 2484 prioris
839 2409 929 2485 culp·
956 2407 1101 2488 cladisque

17 2509 18 2518 ¹
116 2498 363 2566 na“emergentes‚
378 2509 507 2566 paremus
521 2490 623 2546 nefasl
664 2487 769 2546 Urbem
789 2487 932 2564 auspicati)
952 2488 1101 2564 inaugura·

147 2578 167 2609 “
177 2571 262 2648 tuque
276 2569 417 2636 conditam
432 2570 586 2627 habemus:
620 2568 715 2628 nullus
735 2567 814 2626 locus
828 2568 855 2624 in
870 2567 905 2624 ed
919 2585 975 2624 non
989 2567 1100 2652 religio·

147 2657 167 2690 “
179 2670 248 2708 num
271 2645 449 2724 Deoruque
469 2662 512 2706 est
538 2648 659 2724 plenus:
693 2645 839 2704 sacrificiis
859 2645 1022 2702 solennibus
1041 2664 1099 2702 non

147 2735 166 2768 α
179 2729 241 2786 ares
260 2723 350 2800 m'agrs
370 2727 444 2800 surr,
464 2727 548 2802 quum
563 2727 625 2784 roca
638 2735 713 2792 uni,
734 2725 765 2782 ru
785 2724 886 2799 quises
908 2723 985 2782 eant.
1038 2709 1101 2783 uos

146 2816 277 2866 “omnes
305 2803 390 2874 Deos,
421 2806 549 2882 publicos
580 2801 764 2881 priuatusque,
791 2802 930 2873 Quirites,
961 2801 1098 2866 deserturi

17 2899 19 2914 t
114 2888 267 2944 westie!
307 2882 403 2944 Quem
417 2905 467 2961 par
487 2895 609 2942 vestrum
630 2883 801 2952 factum-est,
822 2881 895 2955 quod
910 2880 939 2942 in
952 2879 1099 2938 obsidione

145 2973 267 3040 “nuper
289 2962 318 3020 in
339 2965 453 3040 egregio
467 2963 646 3021 adolescente
660 2963 694 3020 C.
709 2956 808 3028 Fabio,
830 2977 886 3050 non
907 2958 1014 3030 rninore
1035 2958 1099 3048 hps-

136 3053 169 3088 ·“2
177 3044 249 3101 tium
271 3041 464 3110 admiratione,
486 3043 569 3118 quam
591 3043 692 3113 vestrl,
712 3047 977 3114 conspectum-esu
1010 3055 1097 3112 quum

145 3131 164 3167 ‘⁸
177 3123 251 3180 inter
264 3121 374 3196 Gallica
388 3121 444 3178 tels
462 3122 611 3196 degressus
632 3137 747 3177 exerce
761 3117 877 3182 solenne
892 3115 989 3174 Fabiis
1003 3117 1097 3191 gentis

145 3204 165 3244 ἱ*
176 3201 207 3258 in
221 3199 293 3258 colle
306 3197 450 3259 Quirinali
462 3199 552 3257 obiitl
594 3205 643 3256 An
655 3196 801 3274 gentilicia
819 3213 902 3252 sacra
925 3210 961 3278 ne
979 3194 1009 3252 in
1024 3195 1097 3273 bello

110 3279 290 3356 sanquinem
303 3275 459 3344 intermitti,
470 3277 584 3352 publica
603 3295 684 3334 sacra
700 3287 729 3334 et
748 3275 897 3350 Romanos
913 3273 991 3332 Deos
1009 3275 1105 3346 etiarn¹

144 3369 164 3404 ‘⁴
176 3360 206 3416 in
220 3377 290 3442 pace
311 3355 413 3422 deseri,
438 3354 551 3430 placetl
583 3366 612 3412 et
631 3354 780 3432 pontifices
803 3351 985 3430 flaminesque
1006 3355 1115 3432 negli·¹
1158 3407 1160 3412 ,

145 3437 317 3514 “gentiores
338 3434 514 3511 publicarum
538 3432 705 3509 religionum
718 3451 790 3500 esse,
813 3430 898 3508 quim
921 3433 1044 3508 privatus
1062 3433 1093 3489 in

144 3516 284 3574 “solenni
304 3513 397 3592 gentis
418 3511 520 3570 fueriti
559 3510 689 3570 Forsitan
716 3511 816 3586 aliquis
835 3510 921 3580 dicat,
943 3518 994 3570 'aut
1013 3509 1092 3586 Vejis

144 3607 163 3642 ‘t
174 3615 209 3653 ea
222 3614 275 3653 nos
288 3594 420 3662 secturus,
435 3603 483 3653 aut
496 3591 553 3650 huc
566 3589 632 3650 iirde
646 3591 780 3652 missuros
793 3591 952 3649 sacerdotes
972 3599 1091 3656 nostroe,

115 3687 163 3729 uu
174 3674 223 3752 qui
237 3673 361 3732 leolam:
388 3688 506 3748 quorum
528 3681 665 3730 neutrum
679 3669 740 3728 fieri
760 3669 845 3728 salvis
857 3666 1034 3734 ‘caerirno'niis
1043 3685 1092 3742 po-

143 3769 162 3828 f‘
173 3765 245 3822 test:
266 3761 303 3825 et,
317 3770 353 3812 ne
366 3751 462 3810 omnia
473 3750 628 3828 generatim
651 3757 737 3807 more
744 3747 897 3823 omnesque
909 3762 1091 3822 percenseam

142 3824 261 3906 «Deos,
274 3831 304 3890 in
324 3830 402 3890 soris
421 3829 597 3906 epulonum
612 3828 688 3906 alibi,
708 3826 793 3904 qudra
811 3827 843 3885 'in
863 3822 1093 3902 Capitone-pnl-
