2648 4338
138 356 174 408 br
269 373 272 383 ·
481 339 650 418 'Ltusillx
673 381 733 426 car:
745 382 792 424 rr.¹
815 368 820 382 '
932 415 934 420 ,
1067 365 1119 434 151

178 505 255 586 enlin
268 517 317 566 aut
330 509 508 584 sponsoribus
523 509 670 570 insedere
683 525 753 587 opus
763 519 837 568 esset
851 517 899 568 aut
908 505 1060 582 obsidibus,
1074 501 1123 569 ubi

178 587 339 661 precatione
354 605 399 652 res
421 589 604 665 transigiturl
646 599 724 666 “per
747 607 830 665 quern
851 591 984 665 populum
1008 587 1123 665 liatqub
1151 583 1159 598 ⁸

177 674 196 700 ‘⁴
206 665 305 722 minus
318 666 518 742 legibustlictis
529 679 624 738 stetur,
634 679 664 725 ut
674 687 739 725 eum
748 665 910 744 [italupiter
925 667 1014 741 feriat,
1027 687 1124 744 quem·

177 743 356 804 “admodum
372 763 388 801 a
403 745 548 803 fecialibus
562 767 662 822 porcus
671 747 812 804 feriatur.’'
834 747 1125 822 Spoponderuutcon·

144 842 156 878 s
175 823 261 889 sulas,
276 823 371 899 legati,
385 836 544 899 quaestores,
559 826 663 882 tribuni
685 825 824 895 militum3
853 826 1021 901 nominaque
1035 823 1140 888 omui?

148 947 155 966 ,.
175 917 233 970 um,
248 903 295 976 qui
309 904 527 978 spoponderunt,
548 915 673 962 exstant:
707 905 765 971 ubi,
787 905 809 961 si
830 923 865 961 ex
886 904 990 962 soedere
1004 915 1067 964 acta
1079 923 1125 962 res

130 1049 135 1058 υ
175 991 259 1046 esset,
284 989 465 1056 preterquam
489 983 606 1039 duorum
638 983 788 1052 fecialium,
820 1003 875 1040 non
904 993 1063 1054 exstarent3
1096 993 1125 1042 et

175 1070 288 1133 propter
301 1062 488 1120 necessariam
511 1061 622 1119 soederis
640 1062 801 1119 dilationem
823 1061 936 1118 obsides
956 1063 1039 1119 etiam
1064 1081 1125 1120 sex·

175 1137 253 1194 centi
267 1139 374 1213 equites
388 1141 525 1216 imperati,
539 1141 586 1215 qui
607 1141 698 1216 capite
717 1141 835 1206 luerent,
845 1145 848 1154 '
858 1141 880 1197 si
892 1151 976 1218 pacto
1000 1160 1056 1198 non
1071 1153 1125 1199 sta-

144 1228 260 1273 uretur.
302 1217 430 1298 Tempus
444 1219 509 1288 inde
523 1231 656 1276 statutum
679 1221 821 1278 tradendis
841 1219 1000 1294 obsidibus,¹
1017 1225 1125 1279 exerci-

174 1295 263 1370 tllque
286 1299 384 1358 inermi
411 1299 556 1356 mittendo.
605 1298 819 1375 Redintegravit
841 1298 953 1356 luctum'
969 1298 1008 1355 in·
1025 1299 1125 1356 castris

174 1375 322 1435 consulum
338 1379 484 1444 adventus,
499 1387 529 1434 ut
543 1377 587 1434 vix
601 1378 636 1434 ab
651 1377 684 1434 iis
698 1379 870 1436 abstinerent
884 1395 992 1446 manus,
1007 1395 1124 1451 quorum

149 1517 151 1522 ,
174 1458 330 1515 temeritate
354 1458 382 1514 in
408 1469 473 1514 eum
489 1457 582 1514 locum
603 1457 718 1514 deducti
738 1469 852 1524 essent3
883 1457 999 1531 quorum
1014 1457 1125 1532 ignaria

175 1535 279 1593 soediris
293 1537 367 1607 inde,
382 1534 466 1612 qubus
490 1531 641 1604 venissent,
663 1535 773 1592 abituri.
815 1535 874 1593 Illis
888 1554 944 1592 non
958 1535 1061 1592 ducem
1072 1602 1075 1610 Ι
1085 1535 1126 1594 lo·

145 1635 282 1686 rscorum,
297 1635 353 1673 non
367 1616 568 1691 exploratorem
583 1615 687 1672 fuisse:
710 1615 863 1672 belluarum
888 1615 972 1676 modo
989 1631 1080 1674 caecos
1095 1615 1124 1672 in

84 1717 87 1723 ·
176 1694 283 1751 foveam
299 1695 406 1752 missos.
449 1694 506 1752 Alii
528 1693 730 1776 aliosintueri‚
754 1691 938 1768 contemplari
962 1711 1037 1750 arura
1057 1713 1124 1750 mox

175 1774 322 1842 tradenda,
344 1785 371 1830 et
396 1773 517 1830 inermes
541 1773 646 1830 suturas
667 1773 787 1848 dextras,
811 1773 986 1847 obnoxiaque
1009 1785 1126 1847 corpora

176 1853 268 1908 hosti:
290 1865 441 1928 proponere
456 1853 568 1908 sibimet
581 1852 633 1927 ipsi
655 1863 719 1908 aute
743 1851 840 1909 oculos
858 1852 958 1928 jugum
974 1851 1082 1924 hostile,
1096 1863 1125 1908 et
1222 1860 1224 1866 '

175 1929 296 1988 ludibria
311 1931 431 1997 victoris,
445 1942 474 1988 et
488 1931 735 2006 vultu'ssuperbos,
749 1943 777 1986 et
798 1949 846 2004 por
871 1941 991 1987 armatos
1011 1929 1125 1986 inermi-

128 2029 222 2076 ,ωιτη
239 2011 299 2067 iter.
341 2009 412 2088 Inde
435 2009 501 2066 soedi
522 2009 644 2086 agminis
666 2007 852 2065 miserabilem
875 2010 958 2080 viam,
972 2027 1021 2084 per
1035 2009 1124 2065 socio·

175 2108 237 2152 rum
259 2089 482 2147 tirbesreditum
504 2087 533 2145 in
555 2087 671 2163 patriam
693 2088 727 2144 ad
747 2098 887 2164 parentes,
900 2085 954 2162 qud
976 2105 1049 2162 saepe
1071 2087 1124 2162 ipsi

175 2169 348 2245 majoresque
362 2187 459 2226 eorum
482 2167 857 2242 triumphantes'venis'sent..
891 2166 957 2224 “Se
972 2165 1043 2223 solos
1063 2166 1124 2222 siue
1199 2167 1201 2171 ’

176 2248 330 2313 “vulnere
345 2247 405 2305 sine
420 2247 502 2319 serro,
516 2247 577 2304 sine
592 2246 653 2302 acle
668 2246 774 2323 victqs·;
802 2244 855 2302 sibi
870 2265 927 2303 non
941 2246 1077 2320 stringere
1091 2245 1124 2302 li·

176 2337 195 2364 “
204 2327 297 2383 coisse
305 2327 423 2402 gladios,
432 2343 488 2383 non
495 2343 609 2383 manum
619 2343 683 2382 curu
695 2325 775 2382 hoste
784 2324 928 2393 conlerre;
942 2324 995 2381 sibi
1007 2324 1123 2400 nequid-

142 2416 286 2480 25“quam
302 2411 387 2472 arma,
402 2405 590 2480 nequidquam
602 2403 682 2474 vires,
695 2403 881 2479 nequidquam
897 2399 1005 2460 animos
1013 2403 1123 2460 datos.”

175 2485 247 2562 Haeo
274 2484 456 2548 iremcntibus
477 2483 544 2564 hora
572 2483 662 2540 fatalis
692 2482 853 2559 ignominie
881 2483 1003 2554 advenit,
1030 2483 1125 2539 omnia

174 2563 296 2621 tristiora
309 2563 479 2638 experiendo
490 2558 606 2632 lactura,
620 2560 703 2637 quarn
727 2579 788 2637 quae
810 2572 1001 2638 preceperant
1014 2561 1123 2617 anirnis.
1194 2634 1196 2638 Ι

176 2642 241 2700 Jam
255 2642 373 2718 primum
388 2661 452 2699 curn
467 2635 585 2718 siugulis
599 2641 771 2698 vestimentis
795 2641 917 2698 inermes
929 2651 1009 2697 extra
1022 2639 1124 2695 vallum

175 2715 252 2778 erire
264 2721 344 2797 jussi,
359 2732 387 2778 et
407 2720 488 2796 primi
511 2719 603 2778 traditi
616 2720 738 2791 obsides
752 2730 834 2794 atque
848 2719 877 2776 in
901 2718 1057 2776 custodiam
1078 2718 1125 2773 ab·
1183 2786 1188 2798 ἱ

142 2800 263 2868 „ducti
304 2799 382 2856 Tum
396 2819 412 2856 a
426 2798 589 2857 consulibus
603 2798 679 2855 abire
692 2797 803 2856 lictores
818 2797 899 2874 jussi,
914 2797 1124 2873 paludamenta-

174 2899 228 2954 que
243 2879 376 2949 detracta,
396 2889 502 2935 tantam
524 2877 596 2934 iuter
617 2876 699 2951 ipsos,
719 2876 777 2951 qui,
797 2874 879 2952 pauld
893 2876 956 2932 aute
978 2893 1026 2944 eos
1045 2893 1125 2932 exse·

174 2968 296 3028 orantes,
310 2957 455 3015 dedendos
473 2953 692 3030 lacerandosque
712 2966 891 3025 censuerant,
916 2953 1122 3010 miserationem

127 3049 128 3054 ’
176 3035 282 3116 [fecit]
300 3048 338 3104 ut,
353 3033 410 3093 suae
423 3030 540 3111 quisque
561 3033 731 3110 conditionis
743 3033 855 3100 oblitus,
869 3034 905 3089 ab
926 3032 973 3089 itta
987 3029 1123 3090 deforma·

127 3123 129 3126 '
173 3115 251 3174 tione
265 3127 349 3173 tantae
363 3114 525 3191 majestatis,
539 3113 614 3171 velut
627 3113 663 3170 ab
684 3112 806 3173 nefando
827 3111 998 3191 spectaculo,
1017 3116 1124 3170 averte-

140 3206 217 3264 „ret
230 3193 335 3253 oculos.
745 3192 748 3200 ’
902 3197 904 3203 ”

213 3353 265 3411 VI.
300 3351 385 3410 Primi
412 3349 543 3409 consules
568 3347 656 3426 prope
676 3348 816 3406 seminudi
836 3347 1005 3425 subjugum
1026 3347 1122 3406 missi:

175 3441 246 3500 tum,
261 3432 422 3507 utquisque
437 3429 531 3507 'gradu
551 3429 694 3505 proximus
707 3437 775 3501 erat,
797 3429 836 3485 ita
855 3427 1016 3504 ignominie
1029 3427 1123 3502 objec-

173 3522 236 3569 tus:
257 3523 316 3570 tum
330 3510 465 3586 deinceps
478 3508 596 3585 singulae
609 3507 742 3584 legiones.
784 3505 1009 3565 circumstabant
1023 3505 1122 3562 armati

88 3653 91 3660 ,
174 3591 278 3659 hostes,
297 3589 495 3669 exprqbrantes
518 3588 738 3662 eludentesquc:
771 3585 857 3664 gladii
877 3588 962 3644 etiam
982 3582 1121 3659 plerisque

140 3669 325 3741 „intentati3
354 3679 383 3726 et
395 3667 532 3734 vulnerati
552 3666 666 3742 quidam
688 3664 846 3742 necatique,
860 3666 883 3722 si
905 3665 995 3735 soltus
1014 3679 1119 3732 eorum,

150 3789 152 3791 -
174 3749 342 3825 indignitate
356 3767 449 3816 rerum
464 3746 709 3820 acrior‚'victprem
723 3743 894 3812 offendisset.
936 3742 979 3798 lta
998 3739 1121 3798 traducti
1154 3755 1156 3759 ·

173 3829 229 3886 sub
245 3827 354 3905 jugum,
367 3838 405 3895 et,
416 3827 492 3901 quod
505 3843 586 3902 pane
598 3825 713 3902 gravius
724 3827 793 3899 erat,
813 3839 863 3900 per
881 3820 1001 3879 hostiurn
1013 3817 1121 3879 octalos.
