2648 4340
453 347 556 400 LIBER
573 347 593 400 l.
626 362 687 399 cnr.
700 363 774 402 xxtr.
1055 351 1095 414 23

133 493 200 570 plna
226 493 353 570 quinque
380 493 467 552 millia
491 513 625 570 passuum
659 495 763 562 locant,
793 495 866 552 fossa
892 492 1093 554 circumdant:

134 575 212 631 fossa
226 574 333 631 Cluilia
347 574 383 630 ab
408 575 521 632 nomine
535 575 616 635 dumis
637 593 687 650 por
708 575 812 649 aliquot
833 576 937 632 aaecul‘a
958 577 1096 652 appellata

133 665 188 725 eat,
204 654 298 710 donec
312 672 379 710 cum
393 673 423 712 re
437 673 540 710 nornen
555 673 664 728 qnoque
679 665 815 710 vetustate
830 653 961 711 abolevit.
1001 653 1036 711 In
1052 657 1096 712 hia

134 732 237 789 castris
266 734 388 790 Cluilius
412 734 541 790 Albanus
568 751 616 788 rex
638 733 772 802 moritur;
801 733 970 790 dictatorem
989 733 1096 792 Albani

26 841 28 870 ;
113 809 262 873 5lllettum
276 811 430 870 Fuffetium
445 823 551 870 creant.
595 811 711 868 Interim
727 811 830 868 Tullus
844 813 931 884 ferox,
953 813 1095 888 praecipud

134 901 227 946 morte
248 891 334 968 regis,
365 911 555 967 magnumque
581 890 707 948 Deorum
728 909 844 963 numen,
866 893 902 948 ab
922 893 983 968 ipso
1003 893 1096 968 capite

134 987 244 1040 orsum,
259 972 288 1028 in
302 991 386 1028 omne
400 991 504 1030 nomen
519 971 663 1028 Albanum
677 971 865 1044 expetiturum
879 991 977 1046 prenae
989 973 1026 1029 ob
1040 971 1097 1029 bel·

92 1093 96 1102 .
135 1047 197 1104 lum
211 1048 329 1126 impium
343 1051 486 1122 dictitanS,
501 1059 594 1116 nocte,
618 1049 766 1124 praeteritis
791 1049 911 1106 hostium
930 1051 1039 1117 castris,
1055 1053 1097 1113 in·

136 1125 210 1183 festo
223 1130 351 1186 exercitu
366 1129 394 1186 ln
409 1148 508 1206 agrum
524 1129 667 1185 Albanum
683 1129 782 1204 pergit.
825 1128 868 1186 Ea
882 1149 925 1185 res
940 1131 975 1186 ab
989 1131 1096 1187 stativis

105 1206 243 1266 roexcivit
258 1208 399 1264 Mettum:
430 1209 520 1280 ducit,
543 1211 630 1282 quam
655 1207 782 1282 proxime
808 1208 842 1264 ad
862 1209 969 1264 hostem
985 1221 1096 1282 poteat3

137 1283 206 1340 inde
220 1286 344 1362 legatum
367 1289 540 1362 premissum
566 1287 696 1344 nuntiare
721 1285 808 1344 Tullo
829 1287 919 1362 jubet,
934 1288 1096 1361 priusquam

138 1361 291 1431 dimicent,
315 1385 386 1440 opus
409 1373 477 1423 ease·
495 1367 651 1442 colloquio:
686 1366 707 1421 si
734 1385 830 1422 secum
858 1385 1027 1440 congressus
1051 1368 1096 1442 ait,

145 1442 213 1498 satis
227 1445 311 1516 scire,
335 1465 369 1502 ea
393 1463 423 1501 se
438 1445 594 1518 allaturum,
616 1464 677 1519 qnae
703 1446 790 1502 nihilo
805 1445 896 1502 minda
913 1445 948 1501 ad
963 1464 1023 1502 reru
1037 1445 1097 1506 Ro-
1113 1515 1116 1520 Ι

26 1483 29 1594 l
138 1539 263 1595 marram,
278 1523 361 1598 quim
384 1523 419 1580 ad
435 1525 586 1591 Albanam,
601 1525 768 1600 pertineant.
812 1526 896 1581 Haud
911 1525 1097 1600 adspernatus

26 1595 28 1666 l
110 1622 131 1661 15
139 1599 252 1670 Tullus,
268 1603 378 1662 tametsi
394 1621 465 1660 vana
479 1604 675 1673 afferebantur,
687 1605 820 1667 inaciem
834 1605 939 1661 educit.
980 1603 1098 1662 Exeunt

139 1684 239 1739 contra
263 1695 292 1739 et
316 1681 430 1739 Albani.
482 1681 631 1758 Postquam
656 1684 785 1740 instructi
811 1685 950 1757 utrimque
974 1683 1095 1757 stabant,

140 1777 206 1817 curn
230 1762 330 1835 paucis
354 1781 501 1838 procerum
527 1763 555 1818 in
581 1763 705 1820 medium
730 1763 819 1820 duces
842 1763 1008 1837 procedunt.
1050 1763 1096 1822 Ibi

101 1895 104 1902 ,
141 1836 202 1897 infit
215 1841 366 1898 Albanus:
407 1845 424 1876 ‘⁴
439 1841 568 1916 lnjurias,
593 1853 621 1898 et
646 1859 701 1897 non
726 1842 849 1898 redditas
870 1861 914 1898 res
928 1861 964 1898 ex
980 1841 1095 1911 loederc,

140 1919 159 1950 ‘⁴
169 1937 232 1993 quae
246 1921 371 1994 repetitae
385 1920 451 1985 sint,
466 1935 494 1976 et
507 1939 561 1996 ego
576 1939 669 1995 regern
685 1932 810 1977 nostrum
822 1921 968 1986 Cluiltrnr,
980 1940 1097 1980 causam

110 1997 158 2058 ποί(
171 2000 288 2075 hujusce
302 2019 365 2056 ease
380 1999 455 2065 belli,
471 2000 583 2056 audisse
608 2000 723 2056 videor:
758 2019 811 2055 nec
836 2011 863 2055 te
878 2001 983 2069 dubito,
999 1999 1095 2074 Tulle,

141 2079 270 2134 “eadem
284 2095 342 2153 prae
355 2090 383 2134 te
398 2079 489 2134 ferre:
521 2079 579 2148 sed,
605 2078 627 2134 ei
647 2097 712 2134 vera
726 2078 827 2152 potiris,
843 2077 926 2152 quam
942 2078 1021 2134 dictu
1035 2099 1097 2154 spe-

141 2158 159 2189 “
171 2158 257 2230 ciosa,
272 2159 394 2216 dicenda
408 2169 483 2223 sunt,
498 2151 601 2232 cupido
616 2157 724 2231 imperii
744 2153 814 2214 duos
828 2171 964 2232 cognatos
977 2158 1097 2216 vicinos·

141 2237 355 2312 “quepopulos
379 2238 414 2294 ad
439 2255 516 2294 arma
540 2234 673 2292 stimulat.
715 2235 826 2310 Neque,
852 2236 929 2292 recto*
948 2256 983 2294 au
998 2257 1096 2313 perpe·

141 2318 159 2349 “
171 2333 240 2384 ram,
267 2317 451 2392 interpretor:
486 2315 636 2392 fueritlis'ta
650 2317 710 2390 ejus
729 2316 904 2382 deliberatio,
929 2317 976 2391 qui
992 2317 1096 2376 bellum

110 2397 159 2450 Μ
171 2396 314 2470 suscepit:
356 2415 401 2451 me
427 2395 530 2452 Albani
562 2396 687 2470 gerendo
718 2395 793 2452 bello
822 2395 924 2451 ducern
955 2399 1095 2454 creavere.

141 2479 159 2508 “
172 2473 244 2532 Illud
260 2488 297 2545 te,
313 2475 408 2540 Tulle,
423 2475 559 2532 monitum
575 2475 674 2532 velim:
705 2474 824 2546 Etrusca
836 2493 890 2546 ree,
901 2487 1005 2549 quanta
1019 2477 1097 2534 circa

99 2567 102 2574 ’
141 2558 160 2590 “
171 2573 223 2610 nos
236 2565 319 2628 teque
334 2553 454 2610 maxime
469 2554 513 2620 sit,
526 2533 583 2644 pdo
599 2555 742 2628 propiores
767 2573 825 2626 voa,
848 2555 902 2610 hoc
928 2555 1017 2630 magis
1031 2556 1096 2611 scis,

141 2631 348 2690 “lllultdmilll
370 2635 452 2698 terra,
477 2631 626 2706 plurimum
652 2633 720 2690 mari
746 2634 859 2708 pollent.
901 2633 1011 2690 Memor
1025 2646 1096 2700 esto,

141 2717 161 2748 “
169 2712 237 2787 jam,
253 2731 338 2786 quum
354 2712 465 2786 signum
479 2731 583 2786 pugnae
597 2711 687 2784 dabis,
702 2713 751 2767 lias
765 2713 836 2770 duas
847 2713 923 2769 acies
935 2713 1096 2787 spectaculo

110 2796 160 2846 aa“
172 2792 248 2860 fore;
284 2802 315 2858 ut
339 2792 426 2848 fessos
449 2791 660 2864 confectosque,
684 2791 766 2846 simul
782 2783 915 2847 viclorem
931 2811 965 2847 uc
980 2792 1095 2859 victum,

141 2871 380 2946 “aggrediantur.
432 2867 541 2944 Itaque,
566 2869 588 2926 si
613 2889 665 2926 nos
688 2856 736 2925 Dii
761 2881 866 2936 amant,
881 2870 1024 2944 quoniam,
1038 2889 1095 2928 non

141 2949 298 3010 “contenti
322 2950 450 3006 libertate
481 2949 567 3018 ce'rtal,
599 2949 629 3004 in
656 2949 771 3004 dubiam
799 2949 910 3023 imperii
935 2948 1096 3024 servitiique

142 3030 263 3090 “aleam
277 3030 360 3097 imus,
375 3028 503 3085 ineamus
526 3027 648 3102 aliquam
672 3027 755 3093 viam,
779 3029 835 3102 quia
856 3027 915 3111 utria
926 3027 995 3084 utris
1009 3025 1109 3108 irnpe-¹

143 3116 244 3178 “rent,
269 3109 330 3165 aine
354 3108 455 3183 magnai
480 3107 569 3174 clade,
595 3107 657 3166 sine
681 3107 770 3164 multo
792 3105 931 3180 sarrgui'ne
952 3106 1096 3183 utriunque
1137 3171 1142 3182 ¹

111 3197 160 3242 aa“
172 3189 277 3268 populi,
292 3187 407 3245 decerni
422 3186 535 3261 poeait.’'
579 3185 665 3243 Haud
679 3185 809 3261 displicet
833 3205 877 3242 res
891 3184 988 3264 Tullo,
1001 3177 1096 3262 qnam·

33 3281 41 3312 ⁰
141 3289 237 3348 quam,
256 3279 316 3325 turn
340 3257 434 3323 irldole
459 3263 556 3336 animi,
580 3275 640 3321 tum
664 3278 715 3339 spe
737 3263 870 3330 victorie,
894 3264 1012 3324 ferocior
1025 3278 1095 3324 erat.
1137 3315 1140 3322 .
1179 3269 1191 3284 ’“

143 3347 345 3413 Quaerentibus
358 3345 498 3418 utrimque
512 3343 584 3401 ratio
596 3343 692 3411 initur,
718 3342 765 3400 cui
786 3353 815 3400 et
828 3342 940 3402 fortuna
953 3345 1014 3421 ipsa
1026 3365 1096 3422 prae·

145 3429 204 3488 buit
218 3426 373 3486 materiam.

1000 3535 1018 3580 ,ν’

158 3609 161 3620 ·
182 3587 296 3646 XXIV.
326 3584 412 3643 Forte
427 3583 456 3641 in
470 3582 581 3640 duobus
594 3595 653 3640 turn
667 3581 838 3642 exercitibus
858 3595 939 3642 erant
952 3580 1094 3658 trigemini
1150 3611 1152 3618 >

114 3667 251 3734 baanes,
266 3685 320 3722 nec
335 3674 417 3722 aetate
430 3681 486 3720 nec
500 3663 604 3720 viribus
618 3663 754 3738 dispares.
796 3663 929 3722 Horatios
943 3659 1096 3719 Curiatios·

145 3767 197 3824 que
222 3745 317 3812 fuisse,
342 3743 408 3801 satia
432 3752 560 3811 coustat;
594 3761 649 3800 nec
673 3741 761 3800 ferme
783 3762 829 3799 res
853 3743 967 3816 antiqua
985 3738 1096 3798 alia-est

145 3825 282 3885 nobiliora
311 3821 455 3882 tamenin
479 3841 509 3880 re
532 3832 589 3880 tam
613 3820 689 3879 clara
712 3821 859 3880 nominum
882 3838 958 3879 error
980 3829 1094 3881 manet:
