2642 4338
453 333 783 400 manutentum.
1048 341 1084 402 71

115 481 235 562 potiris,
255 480 345 558 quarn
368 483 514 558 postmodo
534 483 677 542 voluntate
696 435 807 544 afflictis
832 484 937 544 citium
969 501 1085 542 auorum

117 563 247 622 fortunis
262 562 468 626 consuluisse.
491 559 640 624 ,Concibni
646 557 750 628 deinde
764 563 977 624 edictoaddidit
989 564 1085 631 iidem,

116 663 178 718 quo
193 642 295 714 edixit,
310 647 329 680 “
339 641 386 698 Ne
399 641 461 716 quis
474 642 566 699 civem
581 643 744 700 Romanum
755 644 880 702 vinetum
894 649 942 700 aut
956 643 1085 701 clausurn
1099 653 1102 668 '

118 728 139 758 “
151 731 279 793 teneret,
286 719 349 798 qud
363 721 506 780 minus
481 741 508 778 er
522 721 654 782 nominis
676 721 780 780 edendi
805 724 880 800 apud
893 723 1025 781 consules
1038 741 1087 797 po-

97 805 138 864 ι“
150 811 244 858 testas
257 768 346 857 lieret.
388 800 434 857 Ne
447 801 510 874 quis
524 799 630 868 militis,
644 802 758 858 done'c
752 821 780 858 ιιι
799 803 898 860 castris
912 813 996 870 esset,
1009 803 1087 882 bopa

118 879 323 956 “possideret,
338 889 387 939 aut
401 881 553 949 venderet;
581 879 685 938 libe'ros
709 887 859 972 nepotesve
879 883 941 958 ejus
964 875 1087 940 morare·

118 960 227 1019 “tur”
258 958 337 1016 Hoc
350 947 491 1048 proposito
505 959 609 1026 edicto,
623 967 660 1016 ct
654 960 722 1036 q‚ui
737 961 864 1033 aderant,
884 981 948 1018 nerrr
941 960 1085 1052 profiteri

117 1021 268 1128 extemplo
281 1037 415 1106 nourina3
449 1049 477 1096 et
498 1037 624 1114 undique
646 1059 684 1098 ex
707 1040 766 1098 tctri
788 1040 857 1097 urbe
871 1040 1085 1116 proripientium

118 1137 151 1175 se
164 1137 203 1175 ex
224 1119 342 1194 privato,
356 1135 453 1193 quum
451 1117 631 1176 retinendi
621 1119 813 1195 Juscreditori
835 1139 892 1178 non
912 1131 996 1188 esset,
1018 1137 1087 1177 con·

91 1215 226 1259 recursus
241 1198 268 1254 in
287 1197 394 1263 forum,
416 1209 446 1270 ut
466 1209 644 1266 sacramento
665 1197 804 1289 dicerent,
818 1198 888 1256 lieri.
932 1198 1038 1289 Μιιιιι
1050 1217 1086 1256 ea

118 1295 227 1334 marrus
242 1277 314 1344 luit,
332 1295 427 1366 neque
442 1277 562 1337 aliorum'
574 1278 666 1372 magis
685 1278 716 1336 iu
741 1277 845 1336 Volsco
859 1277 932 1372 bello
945 1278 1033 1336 virtus
1046 1287 1086 1335 at·
1162 1307 1169 1312 -

119 1375 178 1430 que
191 1375 279 1431 opera
292 1356 394 1413 enituit
396 1397 567 1413 .......

133 1481 158 1534 1ο
161 1495 196 1522 ιι.
203 1493 255 1522 ιι.ι
276 1493 324 1521 ιι
342 1483 407 1521 Volsci
389 1483 516 1532 cipdluntarr.
530 1483 786 1534 mmeramme.
799 1467 1085 1527 autumattmwmm

157 1494 408 1584 ndiunpxcrscctrrchc.
432 1531 586 1585 ammata]
661 1543 664 1552 ’
751 1551 755 1558 ·

161 1601 296 1659 XXVII.
331 1601 415 1658 Fusis
431 1601 597 1676 Auruncis,
624 1601 712 1676 victor
733 1573 774 1660 tot
800 1601 880 1660 intra¹
895 1619 1002 1702 paucos
1022 1603 1085 1661 dies

121 1679 204 1738 bellis
219 1673 370 1738 Romanu‘s
384 1648 652 1756 promissacondulis
656 1669 802 1756 fidemque
813 1684 926 1739 senatuis
936 1693 1085 1758 exspecta·
1142 1676 1148 1687 ⁸

102 1761 189 1818 rhet:
223 1770 310 1835 quum
326 1761 446 1835 Appius,
460 1760 851 1836 ctinsitasuperbiaanimo,
872 1773 901 1818 et
917 1761 1084 1840 utcollegae
1108 1759 1118 1778 ”

122 1859 226 1897 ranam
242 1839 348 1896 laceret
361 1839 445 1896 fidem
449 1840 552 1915 ,quim
567 1839 719 1932 asperrime
729 1849 850 1938 poterat,
862 1840 908 1916 jus
918 1841 955 1897 de
968 1842 1085 1900 creditis

122 1919 256 1995 pecuniis
270 1919 384 1976 dicere.
417 1919 605 1994 deincepset‚
617 1919 664 1994 qui
674 1920 753 1976 ante
777 1939 842 1976 next
835 1920 978 1992 Qsuerant
992 1921 1084 1978 credi-

122 1999 233 2056 toribus
246 1995 438 2068 tradebantur,
453 2009 482 2055 et
492 1997 679 2073 nectebantur
690 1999 746 2054 alii.
787 1996 874 2059 Quod
889 1999 937 2055 ubi
952 1999 999 2056 cui
1013 2000 1085 2056 mili-

122 2077 143 2135 ti
164 2078 316 2144 inciderat,
338 2077 475 2153 collegam
498 2076 671 2153 appellabat·
699 2095 855 2134 concursus
876 2079 911 2135 ad
933 2078 1083 2136 Servilium

92 2157 229 2216 saliebat:
245 2157 649 2248 illiuspromis'sajuctabant3
670 2155 719 2214 illi
724 2156 930 2232 exprobrabant
943 2175 995 2214 sua
1008 2159 1096 2232 qnis-·

122 2256 177 2312 que
192 2237 260 2293 belli
274 2235 383 2302 merita,
395 2236 598 2310 cicatricesque
613 2246 762 2320 acceptas:
789 2237 974 2312 postulabant,
990 2249 1021 2296 ut
1035 2251 1083 2296 aut

123 2316 242 2373 referret
255 2316 290 2374 ad
305 2311 444 2381 scitatum,
459 2327 507 2373 aut
521 2327 551 2372 ιιι
565 2295 671 2372 auxilio
684 2331 759 2372 esset
776 2315 875 2384 consul
890 2317 1000 2374 civibus
1012 2318 1081 2388 suis,

123 2397 275 2485 imperator
290 2395 435 2455 militibus.
476 2378 631 2455 Morabaitt
654 2395 800 2455 consulem
822 2387 902 2453 baec:
928 2397 978 2453 sed
998 2397 1084 2474 tergi·

123 2474 227 2531 uersari
243 2485 288 2532 re's
302 2475 438 2550 cogebat3
473 2472 573 2530 aded'
568 2493 596 2531 m
621 2473 737 2532 alteram
760 2493 874 2532 causam
893 2495 955 2534 ιιοιι
968 2475 1082 2552 collega

92 2553 215 2612 assolirm
230 2569 357 2630 preceps
371 2551 450 2619 ierat,
465 2554 514 2610 sed
533 2553 626 2610 omnis
648 2553 733 2612 factio
747 2553 900 2612 nobilium-r
932 2555 980 2622 ita,
995 2557 1084 2612 medi-

124 2651 171 2692 um
186 2651 218 2690 se
218 2633 368 2724 gerepdo,
389 2649 444 2689 nec
458 2632 548 2708 plebis
571 2633 667 2690 vitavit
689 2633 794 2704 odium,
817 2653 871 2691 nec
895 2633 970 2709 apud
985 2635 1083 2692 Patres

124 2705 242 2788 gratiam
258 2711 329 2770 iniit.
372 2712 469 2794 Patres
483 2712 603 2770 mollem
609 2712 755 2780 consulem
769 2723 798 2770 et
815 2713 993 2770 ambitiosum
1007 2713 1081 2782 rati3

124 2791 221 2867 plebes
242 2791 392 2853 fallacem:
424 2781 559 2866 breuique
583 2792 723 2870 apparuit,
750 2792 875 2866 aequasse
901 2799 966 2850 euin
994 2791 1092 2867 Appii'

124 2871 232 2930 odium
272 2871 425 2928 Certamen
439 2858 604 2928 consulibus
615 2870 763 2937 inciderat,
778 2881 839 2927 uter
849 2870 994 2928 dedicaret
1005 2871 1082 2931 Mer·

95 2951 196 3009 accurit
190 2951 311 3008 NJaedem
354 2951 477 3008 Senatus
491 2969 508 3006 a
521 2969 552 3006 se
565 2967 624 3006 rem
639 2949 677 3005 ad
686 2942 945 3025 populumrejecit:
966 2950 1020 3008 utri
1034 2969 1082 3009 eo-

126 3049 186 3087 rum
201 3029 364 3088 dedicatio
354 3047 435 3106 Jussu
456 3029 550 3105 populi
573 3029 639 3086 data
656 3029 744 3100 esset,
767 3047 833 3086 eum
852 3045 972 3103 praesse
995 3049 1083 3089 anno·

126 3129 183 3177 rrae,
194 3121 382 3168 mercatorum
407 3109 580 3185 collegium
574 3108 729 3179 restituere,
744 3107 888 3166 solennia
885 3127 935 3183 pro
947 3103 1081 3184 pontitice

125 3189 205 3280 jussit
219 3189 371 3264 suscipere
413 3187 538 3280 Populus
550 3155 758 3244 dedicationem
780 3187 849 3244 redis
869 3187 917 3254 dat
934 3186 974 3246 M.
990 3188 1081 3249 Lato-

128 3269 175 3336 rio,
190 3269 273 3344 primr
266 3268 336 3358 'pili
351 3267 527 3325 centurioni:
548 3266 623 3341 quod
637 3260 719 3322 facile
734 3275 888 3342 appareret,
902 3285 958 3324 non
972 3278 1030 3326 tarn
1044 3269 1079 3328 ad

97 3347 298 3407 chonorem
273 3367 345 3424 ejus,
360 3347 407 3404 cui
428 3345 536 3403 curatio
550 3344 630 3415 altior
639 3343 756 3435 fastigio
777 3363 828 3404 suo
848 3345 1009 3417 domasset,
1024 3347 1095 3406 l'ac·v

127 3437 184 3484 tum
187 3426 293 3504 ,quarn
307 3427 342 3483 ad
366 3424 547 3483 consalum'
540 3423 733 3502 rgnominiam.
775 3425 881 3484 Saetire
903 3425 970 3484 inde
983 3428 1080 3520 utique

128 3507 275 3564 consulum
289 3507 359 3564 alter
377 3505 546 3600 Patresque:
574 3505 624 3562 sed
648 3504 722 3582 plebi
743 3515 890 3576 creverant
909 3507 1016 3576 animi;
1049 3515 1079 3562 et

128 3585 209 3663 longe
225 3587 289 3656 alil,
303 3584 388 3661 quam
403 3583 494 3662 primri
507 3585 695 3652 instituerant,
710 3585 754 3642 rial
767 3586 975 3662 grassabantur.
1008 3550 1081 3641 llos«
1171 3593 1178 3609 ‘

128 3677 221 3740 perato
234 3666 313 3723 enim
327 3666 474 3723 consulum
489 3664 661 3740 senatusque
680 3665 792 3738 auxilio,
810 3678 896 3741 quum
912 3665 940 3722 iu
952 3665 998 3740 jur
1011 3663 1079 3720 duci

100 3744 281 3804 udebitorern
297 3745 441 3812 vidissent,
457 3745 580 3820 undique
595 3745 799 3804 convolabant:
827 3763 919 3818 neque
932 3743 1079 3800 decretum

127 3825 253 3884 exaudiri
275 3823 400 3883 consulis
423 3843 483 3901 pras
495 3823 612 3901 strepitu
626 3833 655 3881 ct
675 3825 797 3884 clamore
817 3831 943 3902 poterat3
976 3839 1079 3898 neque,
1131 3811 1138 3832 ⁶
