2648 4340
583 254 639 305 t‘

173 339 224 436 θ’
479 406 483 417 .
522 411 526 422 .
565 343 766 454 Τιτιιίνιιῖ
825 348 829 356 ’
899 367 939 401 '¹

165 507 289 593 uirique,
301 528 329 579 st
350 517 475 576 animum
490 517 533 576 rel
547 518 620 591 bello
635 519 677 576 vel
691 519 755 596 paci
776 530 912 596 peretum,
928 521 1042 580 dextere
1055 521 1122 582 dut

174 595 258 654 fidem
274 597 373 660 future
387 581 677 656 amiuuaels'trxi'sse‘:
698 599 765 656 iude
780 599 871 656 soedus
885 600 971 660 ictum
986 603 1057 659 inter
1071 603 1123 660 du·

174 694 232 742 ces,
247 675 320 733 inter
334 675 475 734 exercitus
488 677 685 748 salutationem
699 675 818 740 seclum:
834 679 946 736 AEneeu
959 681 1032 755 apud
1047 679 1123 738 Lati-

174 772 242 810 num
264 754 350 811 fuisse
374 755 402 812 in
427 755 563 830 bospitio:
593 757 630 814 ibi
651 756 785 814 Latinum
806 757 881 834 apud
901 757 1022 816 Penates
1046 758 1122 816 Deos

174 833 359 892 domesticum
374 823 487 909 publicu
501 833 662 910 adjunxisse
683 833 784 902 foedus,
799 835 857 892 filit
871 835 971 893 AEneae
986 838 1014 894 in
1030 839 1145 895 matri-s

150 937 151 940 ¹
174 913 300 971 monium
315 913 390 970 date.
431 912 474 969 Ee
494 931 538 969 res
554 913 649 987 utique
671 913 803 990 Trojanis
824 933 902 989 spent
923 915 1042 973 affirmat
1062 930 1123 974 tau-

174 991 238 1046 dem
253 991 344 1048 subiti
359 991 491 1065 certeque
512 991 716 1060 sedeliniendi
740 993 849 1053 erroris.
891 994 1034 1068 Oppidum
1055 1013 1123 1052 oon·

174 1069 254 1126 dunt.
295 1069 403 1126 AEneas
417 1071 452 1125 ab
467 1071 581 1142 nomine
596 1071 689 1128 uxoris
700 1071 849 1128 Lavinium
868 1073 997 1148 appellet.
1038 1073 1121 1130 Brevi

174 1148 255 1222 stirps
276 1167 385 1222 quoque
407 1149 492 1205 virilis
513 1168 547 1204 ex
571 1169 644 1206 novo
667 1151 844 1228 matrimonio
862 1151 935 1222 ¹suit;
965 1153 1012 1209 oui
1033 1153 1122 1209 Ascu-

174 1226 252 1282 nium
266 1240 397 1302 parentes
411 1226 507 1284 dixere
521 1245 634 1284 nomen.
980 1295 985 1304 Ι
1126 1239 1157 1288 '1⁰

213 1381 253 1438 ΙΙ.
288 1383 367 1442 Bello
394 1385 497 1442 deinde
526 1385 899 1462 Aborigines'Trojunique
926 1389 1008 1446 simul
1033 1386 1130 1465 petiti„
1184 1421 1189 1434 ι

174 1459 301 1534 Turnus,
317 1481 364 1518 rex
381 1463 558 1533 Rutulorum,
574 1465 620 1520 cui
641 1477 724 1539 pects
746 1465 871 1522 Lavinia‘
884 1481 949 1524 ente
970 1462 1167 1526 adrentum&
1207 1531 1211 1540 ,
1241 1535 1246 1544 ,

174 1540 275 1616 AEneae
300 1541 555 1616 lucrat-prelatum
578 1543 630 1598 sibi
653 1543 790 1602 advenam
811 1543 885 1619 tegre
901 1546 1017 1620 patiens,
1039 1547 1121 1603 simul
1184 1589 1187 1608 ρ

174 1617 275 1675 AErieae
291 1619 446 1694 Latinoque
462 1621 564 1680 bellurn
581 1621 719 1679 intulerat.
761 1621 871 1679 Neutra
882 1625 957 1680 acies
968 1625 1032 1681 laetu
1042 1645 1076 1682 ex
1088 1645 1122 1682 eo

173 1698 327 1754 certamine
342 1699 425 1756 abiit:
447 1699 514 1756 victi
530 1700 646 1757 Rutuli:
668 1701 787 1758 victores
808 1702 978 1778 Aborigines
993 1703 1157 1780 Troiani-tc
1176 1769 1178 1774 ,

173 1793 227 1850 que
242 1778 344 1834 ducem
360 1778 492 1834 Latinum
507 1779 635 1834 amisere.
678 1778 749 1835 lnde
764 1779 881 1836 Turnu
893 1781 1058 1856 Rutulique,
1071 1784 1122 1839 dif-
1214 1802 1217 1806 ·

175 1853 216 1911 fisi
238 1857 332 1922 rebus,
359 1857 394 1913 ad
422 1857 553 1916 florentes
575 1857 755 1914 Etruscorum
783 1878 851 1934 opes
878 1859 1121 1935 Mezentiumque,
1134 1871 1143 1904 '-

173 1952 269 1990 eorum
289 1954 394 2010 regem,
410 1935 593 2010 confugiunt;
614 1937 671 2010 qui,
687 1935 767 1993 Caere
788 1938 920 2012 opulento
941 1949 999 1995 tum
1019 1941 1122 2014 oppido

121 2015 126 2024 “
174 2011 346 2088 imperitans,
368 2015 425 2090 jam
447 2015 513 2070 inde
535 2015 570 2070 ab
593 2015 672 2092 iuitio
692 2016 805 2072 minime
827 2016 907 2072 laetus
922 2019 1121 2094 novaeorigine
1215 2054 1218 2060 ·

174 2093 258 2162 urbis,
280 2105 309 2150 et
330 2107 388 2150 tum
407 2093 493 2150 nimiu
516 2092 585 2168 plus,
606 2094 690 2168 quim
711 2095 778 2150 satis
799 2105 889 2152 tutum
910 2109 984 2153 esset
1005 2098 1156 2174 accolius>

174 2189 232 2227 rem
258 2171 410 2247 Trojunam
433 2167 561 2229 crescere
582 2186 667 2238 ratus,
693 2173 768 2229 haud
790 2175 925 2248 gravatim
946 2177 1023 2232 socie
1044 2193 1121 2234 tuma
1241 2241 1248 2252 ‚

174 2249 290 2306 Rutulis
309 2251 409 2326 junxit.
453 2251 570 2320 AEneas,
594 2252 726 2308 adversus
747 2252 817 2308 tanti
840 2252 902 2308 belli
924 2265 1065 2322 terrorem,
1090 2267 1122 2312 ut
1157 2257 1159 2260 ’

174 2327 283 2386 animos
312 2331 498 2404 Aboriginum
527 2329 579 2386 sibi
608 2330 782 2396 conciliaret,
803 2349 839 2386 ne
860 2331 912 2388 sub
936 2334 1034 2388 eodem
1057 2335 1120 2408 jure

175 2407 271 2475 solnm,
287 2409 334 2464 sed
358 2409 442 2464 etium
464 2409 586 2474 nornine,
601 2427 700 2466 ornnes
720 2420 824 2474 essent,
839 2408 955 2466 Latinos
977 2409 1121 2486 utramque

138 2538 140 2542 .
173 2499 286 2561 gentem
299 2487 454 2562 appellavit.
479 2487 559 2548 lNec
574 2487 677 2542 deiude
693 2487 863 2562 Aborigines
877 2487 1009 2564 Trojanis
1030 2492 1157 2568 studiose,
1238 2549 1243 2562 ,

174 2574 208 2622 'ac
222 2565 277 2622 fide
291 2585 358 2641 erge
373 2573 466 2642 regern
476 2565 593 2635 AEnean
609 2566 738 2622 cessere:
754 2565 893 2640 fretusque
905 2568 948 2623 his
959 2569 1061 2626 animis
1075 2590 1121 2626 co·
1138 2565 1142 2572 ’

174 2644 357 2702 alescentium
373 2645 401 2703 in
417 2647 481 2700 dres·
491 2645 580 2718 magis
590 2645 707 2700 duorum
723 2644 885 2718 populorum
899 2645 1014 2716 AEneuS,
1026 2668 1122 2722 quarn·

174 2741 257 2797 quam
278 2735 356 2780 tanta
369 2725 468 2798 opibus
490 2723 601 2779 Etruria
622 2728 697 2782 eratl
707 2735 735 2778 ut
757 2723 813 2797 jam
835 2743 891 2779 uon
913 2735 1000 2790 terras
1021 2727 1120 2800 sulum,
1175 2735 1205 2784 ῡ

174 2802 224 2858 sed
239 2822 314 2858 mare
335 2803 418 2858 etiam
442 2822 489 2876 per
510 2815 594 2858 totam
617 2801 705 2858 ltaliae
720 2801 935 2876 longitudinem,
950 2799 985 2880 ub
1001 2806 1121 2880 Alpibus

175 2881 210 2936 ad
239 2881 339 2940 sreturn
361 2882 499 2950 Siculum,
527 2881 601 2952 fatuit
625 2880 746 2936 nominis
774 2880 817 2936 sui
845 2882 996 2955 implesset,
1016 2895 1156 2956 tumemus

175 2961 421 3032 quummoenibus
443 2957 545 3015 belllrm
567 2960 726 3033 propulsare
747 2970 849 3032 posset,
864 2959 893 3016 in
912 2961 1005 3018 eciem
1026 2965 1121 3038 copias

175 3037 281 3094 eduxit.
323 3039 486 3095 Secundum
518 3039 582 3094 inde
604 3037 731 3111 proelium
753 3037 878 3111 Latinis3
909 3039 1009 3096 AEueae
1037 3043 1121 3098 etiarn

175 3115 306 3172 ultimum
327 3137 441 3190 operum
461 3117 627 3172 mortalium
650 3116 718 3172 fuit:
746 3117 816 3172 situs
844 3128 894 3187 est,
916 3137 1121 3193 quemcumque

90 3249 93 3256 ,
176 3213 241 3250 eurn
262 3195 319 3252 dici
337 3196 383 3270 jus
405 3197 498 3269 liteque
519 3209 571 3266 est,
586 3213 668 3269 super
689 3192 855 3252 Numicium
867 3194 981 3254 flumen.
1022 3199 1119 3273 lovem

176 3273 335 3349 Indigetem
354 3275 501 3349 appellant.
599 3280 604 3293 ‘
988 3273 991 3278 “
1034 3341 1035 3344 ¹
1127 3291 1154 3330 ts

1196 1461 1234 1490 »ῑῇ

224 3429 280 3490 ΠΙ.
312 3431 445 3489 Nondum
468 3447 592 3490 maturus
613 3432 729 3506 imperio
750 3432 901 3498 Ascanius,
917 3431 1016 3488 AEneae
1037 3433 1118 3502 filius,

160 3514 253 3570 'erntr
273 3521 367 3568 tamen
382 3511 409 3568 id
431 3512 577 3586 imperium
599 3512 625 3567 ei
646 3512 681 3566 ad
703 3511 836 3585 puberem
852 3522 961 3567 aetatem
980 3511 1140 3572 incolume.

180 3589 299 3648 mansit:
320 3591 453 3664 tantisper
476 3591 564 3647 tuteli
577 3588 813 3663 muliebri-(tante
833 3587 987 3646 indules'in
1001 3590 1121 3648 Lavinift
1175 3581 1180 3604 l

178 3674 251 3744 erat)
266 3688 311 3726 res
324 3668 425 3726 Latina
438 3677 466 3726 et
479 3688 597 3744 regnum
612 3669 714 3724 avitum
726 3679 927 3742 paternumque
938 3688 1024 3742 puero
1035 3670 1119 3728 stetit.

179 3747 265 3805 Haud
279 3747 348 3804 nihil
363 3747 501 3820 ambigam
518 3747 592 3822 (quis
605 3747 680 3804 enim
695 3765 753 3804 rem
775 3757 831 3804 tem
845 3760 966 3810 veterem
981 3767 1029 3822 pro
1043 3759 1120 3806 certo
1129 3763 1158 3811 tt

180 3826 349 3908 affirmetl),
376 3827 487 3886 hiccine
515 3827 597 3884 luerit
618 3825 825 3898 Ascanius‚,an
852 3825 938 3902 major
959 3827 1042 3902 quim
1064 3829 1120 3915 bic,
1146 3836 1149 3841 '
