2648 4338
215 323 273 394 ru
440 319 510 374 rim
526 320 610 372 arvrr
626 291 729 370 amari
743 319 795 368 vn
812 331 925 376 cmxc

213 464 315 542 pcpulc
328 463 460 538 Romanp'
482 462 516 526 in
533 479 584 520 suo
597 461 758 540 discrimine
772 461 888 522 darent:
906 467 945 518 'et
956 460 1049 521 craece
1062 458 1159 538 cingu-

214 543 255 602 lce
269 542 475 616 universosque,
489 551 521 598 nt
534 539 703 615 Capitolium
714 549 797 616 atquc'
811 557 904 598 arcem
919 539 1068 610 intuentes,
1080 550 1112 596 ut
1123 539 1159 596 ad

214 621 291 696 Deus
305 619 474 696 immortales
488 619 570 690 versi,
584 619 620 680 de
634 618 843 694 ce-judicarant.
881 615 919 674 ln
929 617 1040 692 'Campo
1054 617 1160 675 Martio

213 719 300 775 quum
314 697 493 772 centuriatim
514 695 634 772 populun
652 697 794 769 citaretur,
807 707 837 753 ct
850 715 924 762 reue,
939 695 975 752 ad
988 695 1160 770 Capitolium

214 797 314 836 manns
327 776 455 847 tendens,
465 775 506 832 'ab
519 775 679 842 hominibus
692 773 727 836 ad
741 773 817 833 Deos
827 793 926 850 preces
939 773 1097 843 avertissem
1112 792 1161 849 ap-
1181 783 1195 824 r

205 857 305 932 „paruit
318 851 447 934 tribunis,
468 853 522 916 nisi
542 853 760 928 cculos“qnoque
783 841 929 914 lrcminunr
947 851 1112 910 libertatem
1125 853 1161 908 ab

212 935 283 994 tanti
297 929 432 992 merncr'ii
443 933 562 1000 decoris,
577 931 721 1008 nunquam
735 930 828 990 lorcin
843 930 1046 1007 praeoccupatis,
1056 929 1158 988 benefi-

214 1015 259 1072 cio
272 1012 375 1072 animis
389 1027 453 1070 varo
467 1011 579 1069 crimini
592 1011 710 1069 locumf
737 1009 781 1068 Ita
793 1009 920 1086 predicti
934 1009 990 1077 die,
1005 1009 1035 1066 in
1050 1007 1162 1067 Pceteli·

209 1112 282 1157 ,num
302 1091 398 1150 lucum
417 1101 497 1148 extra
526 1100 634 1166 portam
654 1089 874 1162 Nomentanam,
896 1088 971 1164 unde
992 1097 1161 1164 conspectus

213 1171 243 1228 in
263 1169 434 1248 Capitolium
454 1187 511 1227 non
531 1169 614 1240 esset,
644 1168 797 1246 concilium
826 1165 920 1246 populi
940 1166 1082 1244 indictum
1096 1177 1160 1226 est.
1171 1175 1195 1216 1⁰

214 1249 259 1308 Ibi
286 1249 394 1308 crimen
422 1241 516 1318 valuit,
544 1259 573 1314 et
599 1247 746 1307 obstinatis
776 1245 877 1320 animis
906 1245 984 1314 triste
1010 1245 1161 1322 judicium.

213 1328 389 1401 invisumque
402 1327 487 1388 etiam
507 1325 659 1402 judicibus,
678 1325 793 1383 sactum.
835 1325 908 1382 Sunt
926 1324 973 1400 qui
992 1343 1042 1400 per
1062 1325 1161 1384 duum·

214 1407 296 1479 viros,
326 1407 372 1482 qni
403 1405 439 1462 de
471 1405 662 1479 perduellione
694 1404 886 1478 anquirerent,
916 1399 1042 1476 creatum·
1068 1416 1160 1464 aucto·

214 1504 260 1542 res
273 1486 329 1542 sint
341 1485 531 1548 damnatum„
554 1482 675 1540 Tribuni
697 1481 733 1540 de
753 1501 821 1550 ccxc
841 1481 965 1558 Tarpejp
978 1481 1161 1562 dejecerunt:

182 1629 184 1635 Ι
213 1563 348 1638 locusque
362 1563 436 1620 idem
452 1561 480 1618 in
495 1560 1198 1637 unchominecterimiaeglcriramonumantum1⁵

213 1654 243 1700 et
255 1661 346 1717 poenae
360 1641 464 1701 ultimae
478 1639 547 1698 suit:
577 1639 713 1715 Adjcctae.
729 1650 837 1702 mortuo
857 1643 930 1699 n'otte
944 1650 1028 1697 aunt:
1049 1641 1164 1716 publica

152 1747 154 1755 ⁴
215 1739 298 1788 una;‹
309 1718 392 1794 quud,
406 1735 492 1794 quum
507 1719 606 1776 domus
625 1718 686 1794 ejus
704 1717 814 1786 luisset,
828 1718 878 1776 ubi
899 1737 977 1779 nunc
990 1718 1065 1776 reden
1079 1730 1162 1794 atque

213 1798 328 1857 officina
341 1791 463 1858 Monate
476 1809 529 1870 est,
541 1797 628 1864 latum
642 1798 677 1853 ad
691 1797 823 1874 pc'pulum
837 1807 889 1864 cst,
904 1815 940 1854 na
954 1797 1016 1872 quie
1028 1798 1163 1874 patricius

214 1878 245 1935 in
259 1895 324 1934 arce
339 1881 385 1934 aut
399 1876 703 1952 Capitolinhabitaret:
724 1873 870 1954 gentilicia
883 1875 986 1944 ultera3
1006 1875 1080 1952 qnid
1094 1896 1163 1951 gen-

215 1957 251 2014 tis
266 1956 381 2014 Manliae
395 1955 508 2012 decreto
518 1955 632 2022 cautunl
647 1967 697 2026 eet,
712 1955 820 2030 nequis
834 1954 937 2012 deinde
953 1954 1066 2014 Murcus
1080 1955 1198 2014 Man-⁹⁰

213 2032 270 2092 lius
280 2031 434 2092 vocaretur.
475 2033 562 2092 Hunc
575 2033 684 2090 exitum
698 2033 796 2092 habuit
810 2033 859 2100 vir,
882 2032 940 2110 nisi¹
950 2033 977 2092 in
993 2033 1082 2092 libert
1094 2034 1163 2092 civi-

215 2124 272 2172 tate
299 2129 382 2170 natus
408 2124 488 2182 esset,
514 2111 710 2178 memorabilis.
750 2111 886 2188 Populum
911 2111 997 2183 brevi,
1017 2123 1162 2189 postquam
1235 2175 1238 2184 ¹

214 2191 371 2268 periculum
386 2191 421 2248 ab
435 2209 473 2268 eo!
483 2192 589 2248 nullum
603 2201 672 2264 erat,
686 2211 735 2268 per
746 2209 776 2248 ee
790 2191 864 2267 ipsae
874 2191 1068 2252 recordantem
1079 2191 1163 2250 virtu·

216 2281 268 2340 tea,
282 2263 452 2326 desiderium
472 2269 532 2346 ejus
546 2269 645 2327 tenuit.
685 2269 849 2328 Pestilentia
868 2268 953 2327 etiam
967 2267 1043 2327 breri
1063 2289 1162 2328 conee-

216 2360 292 2415 enta,
308 2349 391 2406 nullis
410 2345 623 2406 occurrentibus
643 2359 728 2408 tantm
748 2347 837 2406 cladis
850 2348 951 2416 causis,
966 2348 1197 2424 err-Munliunn⁹⁵

202 2423 353 2503 ‘supplicio
367 2445 475 2503 magna
499 2427 569 2503 parti
590 2425 678 2485 iideri
700 2435 761 2486 urta
772 2446 790 2502 =¹
813 2426 975 2486 “violatum
989 2426 1162 2503 Capitolium

194 2515 196 2522 ’
217 2515 310 2568 “esce
324 2507 460 2582 sanguine
475 2506 640 2576 servatoris:
661 2501 717 2584 nec
724 2505 787 2564 Diis
795 2505 873 2563 cordi
884 2504 969 2564 suisne
977 2524 1089 2581 poenam
1099 2505 1162 2581 ejua

217 2582 368 2642 “oblatam
382 2584 470 2661 prope
476 2584 566 2642 oculis
579 2585 645 2658 suis,
664 2603 749 2660 aquo
771 2599 824 2644 cua
845 2582 949 2660 templa
961 2595 1057 2661 erepte
1072 2602 1089 2642 e
1102 2603 1163 2643 ma·

132 2692 139 2702 ·
217 2673 237 2730 ‘,‘
248 2663 332 2722 nibus
345 2662 465 2740 lrcstinm
478 2663 601 2721 essent”
656 2705 658 2710 .
700 2709 703 2718 ,
818 2661 820 2666 ’
935 2667 940 2674 “
