2646 4340
449 359 551 411 man
567 345 689 426 mn·-
707 363 767 416 es'r.
779 379 867 427 xxxix.
1070 365 1144 432 210

191 501 265 580 dum.
286 523 349 562 esse
373 501 557 574 descendenti
570 507 623 568 sab
648 507 778 583 Alpibus,
799 527 835 566 ne
851 485 952 580 'Gallos
972 505 1142 586 Cisalpinos,

190 583 262 640 n'eve
276 583 428 656 Etruriam,
442 597 564 643 ereotam
580 585 608 644 in
623 605 702 661 spem
726 603 819 660 rerum
842 604 987 666 nouarum,
1010 587 1143 648 sollieita·
1169 633 1173 645 .

188 673 233 718 ret
243 661 254 730 ς’
273 674 303 733 et
316 661 506 738 Hannibalem
520 683 571 721 suo
584 665 694 740 proprio
706 665 999 741 occupandumbello‚
1009 681 1143 730 neemer·

189 759 258 817 gere
278 741 315 798 ex
335 742 459 811 Bruttiis,
482 756 567 818 atque
591 744 703 802 obviim
726 745 805 824 fratri
825 745 876 812 ire,
898 743 1016 825 posset),
1044 745 1143 806 Livius

167 820 387 893 scunetabntur‚
413 841 511 898 parum
534 822 623 879 fidens
643 831 756 880 suarum
781 825 989 899 provinciarum
1013 825 1143 883 exerciti·

121 895 123 902 '
191 895 260 957 bus:
289 904 306 954 t‘
317 901 464 977 collegam
476 921 512 958 ex
525 901 638 958 duobus·
649 902 850 974 eonsularibus
870 903 995 980 egregiis
1012 897 1143 962 exereiti·

189 981 209 1012 “
220 979 281 1050 bus,
295 991 323 1037 et
337 981 427 1047 tertio,
441 980 489 1039 eui
509 979 549 1058 Q
574 981 712 1039 Claudius
735 981 853 1058 Tarenti
875 989 1015 1058 preaesse
1028 981 1143 1046 electio·
1172 1047 1174 1054 ¹

169 1051 172 1062 ’
189 1060 208 1092 “
218 1075 283 1114 uem
299 1059 401 1128 habere
413 1062 460 1118 :'''
480 1059 665 1135 intuleratque
679 1061 851 1128 mentionem
871 1061 911 1118 de
935 1061 1087 1119 volonibus
1100 1075 1143 1138 re·

189 1139 324 1194 tooandis
338 1139 372 1195 ad
387 1139 488 1215 signa.v
519 1141 641 1199 Senatus
654 1140 769 1200 liberam
789 1151 953 1216 potestatem
978 1139 1141 1202 oonsulibus

156 1235 181 1276 to
190 1215 267 1283 lecit,
282 1228 310 1274 et
323 1217 471 1294 supplendi
484 1219 560 1294 unde
576 1217 688 1292 vellent,
698 1219 1049 1295 ergetigendtdeomnibus
1062 1239 1143 1278 exer·
1195 1245 1196 1252 ¹

184 1295 300 1365 ultibus,
314 1316 383 1374 quos
404 1298 516 1364 vellent,
538 1287 780 1374 permutandique,
800 1309 878 1356 etex
899 1298 1058 1374 provinciis,
1073 1309 1153 1378 quos,

189 1390 206 1431 e
226 1391 256 1434 re
276 1371 390 1450 publicai
405 1381 652 1446 'censerentesse
673 1376 848 1436 traducendi.
897 1377 939 1434 Ea
959 1377 1054 1437 ornnia
1075 1396 1141 1436 oum

187 1455 300 1518 summai
320 1455 473 1512 concordii
493 1455 641 1514 eonsulum
662 1467 734 1514 acta.
776 1456 901 1522 ‚Volon'es
914 1457 944 1514 iu
957 1456 1142 1514 'undevicesi
1165 1509 1167 1516 r

190 1551 264 1589 mam
278 1535 482 1600 etvieesinutm
503 1535 629 1612 legiones
649 1536 753 1616 scripti.
796 1531 893 1612 lll'agni
916 1531 1022 1593 roboris
1034 1535 1141 1594 auxilio

157 1630 224 1670 tren
239 1611 375 1694 Hisppnii
395 1617 505 1694 qqoq'ue
518 1613 545 1672 'a
560 1615 597 1672 Ῥ.
613 1615 746 1690 Scipione
768 1615 812 1672 M.
828 1615 911 1682 Livio,
921 1615 1005 1672 missa
1024 1615 1139 1688 quidam

167 1715 170 1726 ·
188 1691 385 1750 adidbellum
400 1708 528 1750 auctores
542 1703 607 1768 sunt
618 1714 633 1754 :r
658 1705 723 1752 ueto
738 1695 824 1752 millia
844 1695 1035 1770 Hispanorum
1048 1689 1141 1774 Gallo·

187 1788 315 1845 rumque,
334 1782 369 1835 et
391 1773 447 1830 duo
471 1773 557 1830 millia
571 1774 606 1829 de
623 1775 733 1852 legione
754 1769 883 1844 militum,
905 1773 1030 1848 equitum
1052 1771 1139 1840 mitte,

182 1843 289 1906 'mixtos
310 1850 451 1918 Numidas
474 1851 690 1927 Hispanosque-t
726 1847 766 1910 lll.
791 1852 954 1910 Lucretium
970 1847 1023 1908 'has
1041 1852 1141 1928 sepias

188 1921 490 2006 naribus‘adduxisse':
519 1942 548 1987 et
561 1933 765 2006 sagittariorum
781 1932 1008 2008 funditorumque
1023 1930 1058 1987 ad
1072 1949 1140 2005 que·

154 2018 250 2082 sutuor
265 2007 355 2066 millia
364 2021 398 2066 ex
414 2009 510 2068 stertit
522 2010 557 2067 C.
569 2005 735 2084 'Mamilium
747 2009 864 2084 misisse.

227 2165 373 2230 xxxrx.
404 2157 667 2246 praetorianae
681 2165 931 2236 tumultuantem
944 2175 980 2224 aa
993 2153 1087 2240 partu
1101 2143 1140 2226 al

186 2242 250 2302 latre
269 2246 306 2303 ab
320 2246 352 2303 L.
368 2246 467 2304 Porelo
480 2241 616 2322 praetore:
650 2247 883 2306 “Hasdrubalem
906 2246 1024 2304 movisse
1046 2263 1084 2302 ex
1098 2244 1140 2304 hi·

180 2325 206 2358 “‘
219 2326 322 2393 bernis,
333 2337 364 2383 et
374 2321 433 2402 jam
448 2326 538 2402 Alpes
560 2327 696 2385 transire:
726 2323 791 2386 oelo
812 2325 899 2384 millia
912 2325 1059 2402 Ligurum,
1072 2343 1141 2382 eon·

187 2405 206 2437 “
217 2405 319 2480 scripta
334 2417 505 2491 armataque,
522 2407 709 2482 eonjunotbra
729 2425 759 2464 se
783 2405 1006 2482 transgressore
1028 2403 1139 2478 Italiam
1204 2467 1211 2482 ι

152 2485 205 2544 ss“
217 2485 357 2553 essu-uisi
371 2485 527 2542 mitteretur
548 2485 576 2542 in
598 2485 726 2562 Ligures,
747 2485 794 2560 qui
815 2505 863 2542 eos
878 2485 950 2560 bello
969 2487 1138 2559 oobuparet:

150 2561 152 2568 ⁴
187 2565 255 2630 '‘se,
280 2583 346 2620 oum
368 2563 491 2621 invalido
504 2563 745 2640 exereiiu‚‘quoatl
768 2576 859 2622 tutum
881 2574 1000 2640 putaret,
1014 2559 1140 2638 progres-

127 2695 129 2703 ,
186 2643 340 2722 “surum”
384 2641 440 2699 Hae'
463 2643 550 2701 literae
571 2646 712 2714 eonsules,
736 2645 835 2719 raptim
862 2640 1139 2714 conlectodeleotu,

166 2721 175 2773 .·’
187 2721 333 2788 maturius,
345 2721 429 2796 quiam
444 2724 659 2803 constituerant,
674 2723 790 2788 exireiu
805 2721 1138 2804 provinciasqobgertint,

187 2802 221 2856 ea
245 2809 348 2870 mente,
373 2812 404 2857 ut
425 2803 541 2875 uterqrie
555 2803 670 2860 ‘hostem
692 2803 721 2859 in
736 2797 785 2858 sub
799 2800 950 2876 'provincia
970 2798 1138 2872 contineret,

152 2895 279 2951 seneque
312 2875 457 2954 ootijun‘gu
481 2881 684 2959 auteonferr'e
715 2881 861 2950 inunum
891 2879 962 2935 tires
988 2873 1140 2954 patereturq

187 2955 343 3014 Plurimum
359 2958 461 3034 ineam
476 2960 655 3036 rern'a'djrrvit
667 2959 762 3034 opinio
772 2957 964 3024 'Hannibalisr
993 2954 1077 3032 quod,
1096 2965 1139 3014 et·

186 3035 211 3092 'si
225 3037 257 3092 ei
280 3047 374 3096 estate
395 3039 575 3110 transiturum
596 3039 625 3096 in
647 3039 756 3096 Italiam
777 3038 889 3094 fratrem
902 3035 1081 3100 'erediderau
1095 3052 1139 3092 re·

186 3113 331 3174 eordando
344 3109 404 3188 quae
419 3116 477 3192 ipse
492 3118 520 3174 in
535 3110 652 3179 transitu
667 3136 745 3174 nune
757 3116 901 3186 Rhodani,
917 3133 995 3172 nuno
1011 3113 1138 3193 Alpium,

186 3213 252 3251 oum
268 3193 564 3271 hominibuslooisque
578 3189 737 3276 'pugnando
751 3193 799 3271 pe'r
813 3195 1070 3285 quinquen'menses
1089 3211 1138 3250 ert·

153 3269 563 3350 as'hausi'sset„haudquaiquam
578 3286 634 3332 tam
650 3275 760 3332 sae‘ilem
782 3287 976 3354 maturumque
989 3273 1137 3336 transitum
1236 3342 1241 3356 ¹

179 3352 375 3428 exspectabat
416 3351 460 3408 lla
485 3353 592 3410 tardibs'
615 3354 746 3410 movendi
766 3372 809 3411 err.
824 3351 949 3420 hibernis
969 3371 1055 3410 eausa
1076 3349 1136 3406 fuit.

85 3488 87 3493 .
165 3488 169 3496 ,
187 3423 334 3504 ceterum
349 3431 520 3490 Hasdrubali
534 3443 563 3490 et
576 3436 629 3492 sus
640 3443 668 3490 et
681 3431 799 3517 aliorum
821 3451 871 3508 spe
888 3431 984 3493 omnia
1003 3427 1139 3488 celeriora

186 3520 268 3585 atque
281 3509 457 3586 expeditiora
470 3511 559 3572 fuere.
601 3512 667 3573 Noa
687 3512 766 3572 eninr
790 3528 957 3587 receperunt
977 3507 1059 3568 morib
1083 3511 1137 3564 Ar·

176 3589 264 3646 'verni
275 3609 353 3660 eum,
368 3589 556 3668 deincepsque
570 3591 632 3650 aliae
653 3591 770 3672 Gallicae
791 3603 873 3666 atque
894 3590 1006 3666 Alpinae
1019 3595 1137 3675 gentem

128 3691 135 3700 ²
154 3668 237 3730 osed
251 3669 336 3750 etiam
350 3668 453 3728 se'out'ae
467 3672 581 3729 suntad
597 3671 700 3730 bellum
709 3691 719 3728 ἰ
750 3681 779 3728 et
791 3675 876 3746 quum
896 3689 944 3746 per
958 3675 1067 3723 munita
1079 3663 1136 3739 ple·

187 3765 273 3822 raque
297 3750 415 3812 transitu
437 3751 541 3817 fratris·
562 3765 637 3824 quae·
651 3757 735 3808 antea
758 3751 834 3808 invia
855 3750 978 3810 literanu'
995 3743 1136 3813 due'ebat3

188 3821 354 3898 tumeliam,
368 3821 670 3912 duodeeim'anuprurn
692 3829 874 3888 assuetudine
893 3822 995 3901 perviis
1017 3821 1138 3900 Alpibus
