2646 4340
217 344 276 406 260
605 343 674 396 'l’l'l'l
690 344 774 394 Ltvtt

217 505 272 562 qoe
283 485 430 566 ingenium
444 496 513 555 orat,
535 486 804 564 interpretabantur:
836 484 883 543 alii
904 504 961 544 oon
970 484 1098 558 tribunos
1109 484 1208 562 ple-q·

218 563 269 637 bis,
284 565 335 624 sed
349 567 504 625 universam
520 565 673 638 civitatem¹
685 585 747 641 quar
761 565 789 624 id
803 565 860 640 pati
874 576 977 641 posset,
991 564 1166 626 incusabant.
1184 561 1202 636 ξι

217 645 235 679 “
247 644 327 704 Duas
351 645 489 704 maximas
511 627 587 702 orbis
607 657 744 704 terrerum
765 644 848 702 urbes
869 643 992 720 ingratas
1012 663 1068 708 uno
1082 641 1167 719 prope
1185 651 1209 743 g

216 725 236 758 “
247 736 372 800 tempore
386 724 415 793 in
435 724 578 800 principes
591 723 739 780 inventas:
769 722 892 780 Rerum
907 722 1104 800 ingratiorem3
1132 721 1169 778 si·

216 803 359 879 “quidem
373 803 448 860 victa
462 801 605 879 Carthago
618 801 722 860 rictum
738 801 928 878 Hannibalem
942 801 971 858 in
986 800 1113 861 exsilium
1123 819 1170 860 ex·
1186 794 1202 884 ξ

215 881 385 958 “pulisset3·
413 881 508 960 Roma
535 880 635 958 sistris
662 880 795 938 victorem
824 879 991 950 Africanum
1021 878 1208 954 expellat”'..

215 960 285 1031 Alii,
306 959 489 1024 “Neminem
510 979 599 1018 unum
620 959 710 1017 civem
733 958 848 1032 tantum
861 958 987 1016 eminere
1007 958 1120 1026 debere,
1140 941 1209 1034 ut}

216 1040 234 1115 ‘f
246 1038 356 1115 legibus
371 1035 535 1115 interrogari
549 1057 605 1096 non
628 1037 734 1114 possit:
763 1037 833 1096 nihil
854 1047 910 1103 tam
931 1037 1075 1112 equandae
1089 1036 1171 1094 liber·

214 1119 234 1154 ‘⁴
246 1118 311 1176 tatis
324 1136 397 1186 esse,
412 1117 495 1192 quim
510 1117 733 1193 potentissimum
747 1135 886 1192 quemque
900 1135 981 1191 posse
994 1116 1090 1172 dicere
1104 1133 1171 1172 cau-

215 1199 234 1232 “
246 1215 315 1257 sam.
355 1194 436 1257 Quid
457 1209 550 1253 nutem
566 1193 625 1253 tuot
652 1195 794 1272 cuiquam,
821 1195 925 1252 nedum
946 1197 1085 1253 summam
1111 1203 1209 1268 remtt

214 1279 234 1313 ‘¹
246 1274 398 1350 publicam,
421 1273 554 1352 permitti,
574 1274 598 1332 si
619 1274 690 1332 ratio
710 1273 769 1332 'non
797 1273 832 1332 sit
859 1273 1028 1334 reddendal
1061 1271 1108 1348 qui
1125 1271 1173 1348 jus

214 1357 233 1392 “
247 1372 358 1428 equum
373 1353 430 1429 pati
444 1371 502 1410 non
515 1352 656 1429 possit„in
676 1371 740 1410 eum
756 1351 812 1410 vim
832 1351 908 1409 haud
929 1351 1060 1428 injustam
1078 1349 1173 1408 csse.”

215 1433 291 1492 Haeo
305 1432 409 1508 agitatu
423 1431 609 1498 sermonibus,
630 1431 723 1488 donec
743 1430 805 1488 dies
824 1430 953 1506 dicenda
966 1447 1060 1488 causae
1073 1429 1150 1487 venit
1164 1448 1172 1487 ι

213 1531 271 1572 nec
285 1510 358 1568 alius
371 1510 624 1592 anteaquisquam,
648 1528 707 1566 nec·
727 1507 777 1566 ille
792 1509 852 1585 ipse
867 1509 973 1584 Scipio,
986 1507 1085 1569 consul
1105 1517 1173 1565 ce'n·

213 1584 303 1658 sorve,
319 1588 423 1665 majore
436 1579 529 1646 omnis
541 1588 654 1664 generis
665 1588 810 1668 bominum
823 1587 997 1662 frequentib,¹
1007 1586 1093 1662 qulm
1107 1605 1173 1644 reus
1184 1595 1210 1638 ¹⁵

213 1669 262 1728 illo
276 1663 332 1734 die,
348 1668 376 1742 in
390 1666 479 1727 sorum
492 1666 697 1724 est-deductus.
737 1667 754 1724 J
758 1669 841 1744 ussus
858 1662 954 1723 dicere
968 1684 1095 1739 pausam,
1109 1665 1172 1723 sine

212 1748 269 1805 ulll
282 1745 435 1804 criminum
451 1743 604 1812 mentione,
619 1745 774 1804 orationem
791 1744 861 1802 adeo
875 1745 1057 1821 magnificam
1071 1741 1108 1803 de
1128 1763 1173 1802 re·

212 1826 265 1883 bus
291 1824 327 1882 ab
347 1843 378 1882 se
398 1823 485 1900 gostis
510 1833 697 1895 ostensorem,
719 1824 836 1882 utentis
855 1829 1006 1895 constaret,
1027 1823 1172 1881 neminem

213 1921 336 1980 unquam
350 1921 442 1978 neque
456 1901 559 1960 melius
580 1921 671 1978 neque
692 1902 792 1960 veritis
807 1902 952 1960 laudatum
974 1921 1045 1966 esse.
1086 1901 1174 1960 Dice·

212 1983 314 2040 bantur
327 1981 403 2038 enim
419 1981 454 2037 ab
468 1981 568 2038 eodem
583 1981 678 2038 animo
691 1981 870 2058 ingenioque,
885 2001 970 2058 aquo
980 1994 1061 2059 gesta
1073 1981 1172 2040 erant:
1182 1991 1209 2030 ⁹1

197 2072 240 2126 ,et
254 2061 363 2120 aurium
378 2059 523 2135 fastidium
536 2061 641 2131 aberat,
655 2061 721 2136 quia
741 2079 792 2136 pro
814 2059 950 2137 periculo,
962 2080 1023 2136 'non
1043 2061 1073 2118 in
1086 2059 1159 2138 glori

211 2159 268 2209 am,
282 2139 485 2198 referebantur.
892 2143 896 2151 “
1150 2143 1152 2149 “

249 2295 305 2354 Llo
323 2293 447 2353 Tribuni
469 2295 569 2371 plebis.
590 2303 685 2354 vetera
705 2296 823 2360 luxuriae
843 2297 964 2356 crimi'na
977 2298 1172 2377 Syracusano·

209 2393 272 2432 rum
297 2369 490 2446 hibernorum,
512 2385 541 2432 et
563 2373 662 2432 Locris
676 2375 885 2434 Pleminianum
901 2375 1063 2448 tumultum,
1083 2395 1172 2452 quum

209 2453 245 2509 ad
274 2451 358 2508 fidem
389 2451 574 2527 praesentium
603 2453 755 2512 criminum
789 2455 950 2514 retulissent
963 2475 970 2526 ;
1005 2455 1211 2532 suspicioni-z

209 2529 263 2588 bus
283 2530 383 2606 magis,
414 2528 499 2604 quam
527 2531 722 2606 argumentis„
741 2533 873 2608 pecunia
901 2546 991 2609 capte
1022 2554 1102 2608 reum
1123 2555 1173 2594 ao·

208 2610 357 2668 cusbrunt.
412 2607 551 2666 “'Filium
566 2619 679 2684 captum
700 2611 763 2668 sine
783 2613 874 2688 pretio
901 2614 1054 2681 redditum,
1082 2615 1174 2672 omni·

208 2691 226 2724 “
237 2687 345 2762 busque
360 2685 422 2750 aliis
435 2686 521 2744 rebus
530 2687 705 2764 Scipionem,
717 2702 859 2765 tamquam
870 2691 899 2750 in
914 2691 976 2768 ejus
987 2693 1072 2750 unius
1085 2711 1173 2751 manu

207 2769 228 2802 “
236 2783 291 2841 pax
306 2763 441 2824 Romana
454 2762 618 2841 bellumque
631 2780 717 2841 esset,
731 2769 767 2826 ab
782 2769 928 2828 Antiocho
936 2772 1053 2832 cultum:
1076 2771 1174 2831 Dictae

208 2849 227 2882 ‘⁴
236 2854 326 2902 torem
341 2862 407 2910 eum
421 2843 543 2918 consuli,
557 2865 614 2902 non
630 2846 768 2925 legatum„
779 2848 808 2904 in
823 2849 973 2924 provincia
987 2850 1093 2911 luisse:
1116 2869 1171 2910 nee
1181 2864 1208 2904 ao

207 2923 271 2979 “ad
286 2923 369 2980 aliam
385 2941 443 2980 rem
463 2923 498 2980 eb
516 2923 683 2998 profectum,
704 2924 789 3000 quim
810 2938 851 2998 ut,
871 2927 900 2984 id
921 2925 1169 3006 quod'Hispanim

207 2997 347 3074 “Gallie,
372 3001 487 3068 Siciliae,
508 3001 614 3062 Africa
632 3003 801 3079 jampridem
824 3023 988 3080 persuasum
1005 3005 1094 3076 esset,
1116 3009 1172 3068 hoo

206 3077 355 3137 “Graeciae
380 3079 514 3154 Asiaeque
527 3090 557 3137 et
575 3081 708 3158 omnibus
728 3083 764 3139 ad
785 3082 933 3143 Orientem
950 3087 1036 3144 versis
1056 3087 1172 3164 regibus

206 3158 424 3234 “gentibusque
446 3157 613 3233 apparerem
648 3179 737 3220 unum
752 3162 897 3222 hominem
918 3176 1004 3241 caput
1025 3166 1172 3239 columen·

206 3241 289 3306 ‘tque
304 3235 413 3310 imperii
430 3235 560 3296 Romani
569 3257 652 3296 esse:
684 3241 737 3308 sub
751 3241 857 3300 umbrb
871 3243 1013 3322 Scipionis
1026 3245 1170 3304 civitatem
1180 3259 1206 3299 os

206 3322 226 3356 ⁴‘
236 3309 386 3372 dominam.
396 3313 477 3376 orbis¹
492 3326 628 3376 terrarum
642 3317 748 3377 latere:
777 3331 885 3392 nutum,
900 3321 962 3398 ejus
976 3342 1025 3398 pro
1046 3323 1172 3384 decretis

207 3386 361 3478 ⁶‹·Patrum‚
377 3409 427 3466 pro
440 3393 535 3468 populi
546 3394 632 3470 jussis
645 3396 739 3472 esse?
779 3397 914 3460 Infamia
929 3399 1076 3468 intactum,
1100 3401 1170 3462 invi·

207 3465 270 3533 dit,
284 3467 345 3542 qua
357 3481 485 3542 possunt,
495 3484 609 3548 urgent.
649 3474 835 3534 Orationibus
848 3478 999 3536 innostem
1012 3479 1168 3554 perductis,

206 3545 337 3677 prodictu
356 3545 417 3602 dies
440 3557 505 3606 est:
539 3550 587 3606 obi
610 3569 652 3608 ea-
665 3553 750 3622 venit,
766 3554 871 3612 tribuni
892 3557 921 3613 in
942 3555 1055 3615 Rostris
1076 3553 1168 3635 prima

220 3641 274 3680 ooo
289 3623 487 3682 consederunt.
529 3627 640 3686 Citatus
660 3648 726 3686 reus
745 3649 851 3708 magno
872 3633 986 3710 agmine
1010 3637 1166 3696 amicorum
1177 3653 1203 3694 so

208 3699 414 3778 clientiumque
426 3721 476 3779 per
489 3704 801 3772 medium-concionem·
816 3711 852 3774 sul
874 3711 1097 3774 Rostrasubiit:
1131 3716 1167 3774 si·

207 3774 352 3856 lentioque
366 3782 450 3851 facto,
463 3783 482 3818 “
494 3781 590 3854 Hoc‚”
604 3784 704 3862 inquit,
726 3792 745 3824 “
756 3789 814 3859 die',
827 3791 1050 3872 tribuni-:plebis‚'
1062 3813 1167 3872 rosque
