<?xml version="1.0" encoding="UTF-8"?>
<!DOCTYPE html PUBLIC "-//W3C//DTD XHTML 1.0 Transitional//EN"
    "http://www.w3.org/TR/xhtml1/DTD/xhtml1-transitional.dtd">
<html xmlns="http://www.w3.org/1999/xhtml" xml:lang="en" lang="en">
 <head>
  <title>
</title>
<meta http-equiv="Content-Type" content="text/html;charset=utf-8" />
  <meta name='ocr-system' content='tesseract 3.04.00' />
  <meta name='ocr-capabilities' content='ocr_page ocr_carea ocr_par ocr_line ocrx_word'/>
</head>
<body>
  <div class='ocr_page' id='page_1' title='image "./historiarumetse00livygoog_0040.png"; bbox 0 0 2648 4340; ppageno 0'>
   <div class='ocr_carea' id='block_1_1' title="bbox 482 349 1103 412">
    <p class='ocr_par' dir='ltr' id='par_1_1' title="bbox 482 349 1103 412">
     <span class='ocr_line' id='line_1_1' title="bbox 482 349 1103 412; baseline 0.016 -10"><span class='ocrx_word' id='word_1_1' title='bbox 482 352 586 402; x_wconf 82' lang='lat' dir='ltr'>LIBER</span> <span class='ocrx_word' id='word_1_2' title='bbox 602 354 622 402; x_wconf 94' lang='lat'>1.</span> <span class='ocrx_word' id='word_1_3' title='bbox 654 365 715 402; x_wconf 79' lang='lat' dir='ltr'>crin.</span> <span class='ocrx_word' id='word_1_4' title='bbox 733 368 787 402; x_wconf 83' lang='lat' dir='ltr'>xxr.</span> <span class='ocrx_word' id='word_1_5' title='bbox 971 349 973 358; x_wconf 63' lang='lat'><strong>¹</strong></span> <span class='ocrx_word' id='word_1_6' title='bbox 1067 353 1103 412; x_wconf 77' lang='lat'>21</span> 
     </span>
    </p>
   </div>
   <div class='ocr_carea' id='block_1_2' title="bbox 106 492 1177 2216">
    <p class='ocr_par' dir='ltr' id='par_1_2' title="bbox 106 492 1177 2216">
     <span class='ocr_line' id='line_1_2' title="bbox 152 492 1105 570; baseline 0.002 -20"><span class='ocrx_word' id='word_1_7' title='bbox 152 492 287 552; x_wconf 85' lang='lat' dir='ltr'>flamines</span> <span class='ocrx_word' id='word_1_8' title='bbox 301 493 424 570; x_wconf 81' lang='lat' dir='ltr'>adjecit3</span> <span class='ocrx_word' id='word_1_9' title='bbox 446 493 530 552; x_wconf 87' lang='lat' dir='ltr'>Marti</span> <span class='ocrx_word' id='word_1_10' title='bbox 544 513 642 560; x_wconf 91' lang='lat' dir='ltr'>unum,</span> <span class='ocrx_word' id='word_1_11' title='bbox 657 495 773 552; x_wconf 89' lang='lat' dir='ltr'>alterum</span> <span class='ocrx_word' id='word_1_12' title='bbox 787 493 919 556; x_wconf 80' lang='lat' dir='ltr'>Quirino.</span> <span class='ocrx_word' id='word_1_13' title='bbox 960 493 1105 569; x_wconf 86' lang='lat' dir='ltr'>Virgines·</span> 
     </span>
     <span class='ocr_line' id='line_1_3' title="bbox 153 557 1105 648; baseline 0.002 -20"><span class='ocrx_word' id='word_1_14' title='bbox 153 592 213 646; x_wconf 90' lang='lat' dir='ltr'>que</span> <span class='ocrx_word' id='word_1_15' title='bbox 227 573 322 628; x_wconf 85' lang='lat' dir='ltr'>Vestae</span> <span class='ocrx_word' id='word_1_16' title='bbox 336 573 414 648; x_wconf 86' lang='lat' dir='ltr'>legit,</span> <span class='ocrx_word' id='word_1_17' title='bbox 429 574 501 630; x_wconf 78' lang='lat' dir='ltr'>Albzl</span> <span class='ocrx_word' id='word_1_18' title='bbox 515 557 665 632; x_wconf 77' lang='lat' dir='ltr'>oriubdum</span> <span class='ocrx_word' id='word_1_19' title='bbox 687 573 884 642; x_wconf 82' lang='lat' dir='ltr'>sacerdotium,</span> <span class='ocrx_word' id='word_1_20' title='bbox 904 583 933 628; x_wconf 89' lang='lat' dir='ltr'>et</span> <span class='ocrx_word' id='word_1_21' title='bbox 946 575 1023 648; x_wconf 83' lang='lat' dir='ltr'>genti</span> <span class='ocrx_word' id='word_1_22' title='bbox 1037 593 1105 630; x_wconf 87' lang='lat' dir='ltr'>eon·</span> 
     </span>
     <span class='ocr_line' id='line_1_4' title="bbox 152 651 1104 724; baseline 0.002 -18"><span class='ocrx_word' id='word_1_23' title='bbox 152 651 256 707; x_wconf 80' lang='lat' dir='ltr'>diteris</span> <span class='ocrx_word' id='word_1_24' title='bbox 282 651 359 707; x_wconf 90' lang='lat' dir='ltr'>haud</span> <span class='ocrx_word' id='word_1_25' title='bbox 384 652 514 709; x_wconf 88' lang='lat' dir='ltr'>alienum.</span> <span class='ocrx_word' id='word_1_26' title='bbox 557 651 620 722; x_wconf 88' lang='lat' dir='ltr'>His,</span> <span class='ocrx_word' id='word_1_27' title='bbox 641 663 672 708; x_wconf 95' lang='lat' dir='ltr'>ut</span> <span class='ocrx_word' id='word_1_28' title='bbox 698 652 816 708; x_wconf 83' lang='lat' dir='ltr'>assiduae</span> <span class='ocrx_word' id='word_1_29' title='bbox 844 651 939 724; x_wconf 92' lang='lat' dir='ltr'>templi</span> <span class='ocrx_word' id='word_1_30' title='bbox 966 653 1104 711; x_wconf 78' lang='lat' dir='ltr'>antistites</span> 
     </span>
     <span class='ocr_line' id='line_1_5' title="bbox 152 729 1104 805; baseline 0.001 -21"><span class='ocrx_word' id='word_1_31' title='bbox 152 740 262 799; x_wconf 87' lang='lat' dir='ltr'>essent,</span> <span class='ocrx_word' id='word_1_32' title='bbox 286 729 457 804; x_wconf 85' lang='lat' dir='ltr'>stipendium</span> <span class='ocrx_word' id='word_1_33' title='bbox 482 732 517 786; x_wconf 88' lang='lat' dir='ltr'>de</span> <span class='ocrx_word' id='word_1_34' title='bbox 541 731 654 805; x_wconf 91' lang='lat' dir='ltr'>publico</span> <span class='ocrx_word' id='word_1_35' title='bbox 667 730 781 786; x_wconf 82' lang='lat' dir='ltr'>statuit:</span> <span class='ocrx_word' id='word_1_36' title='bbox 815 729 973 804; x_wconf 85' lang='lat' dir='ltr'>virginitate</span> <span class='ocrx_word' id='word_1_37' title='bbox 988 729 1104 803; x_wconf 86' lang='lat' dir='ltr'>aliisque</span> 
     </span>
     <span class='ocr_line' id='line_1_6' title="bbox 129 807 1104 865; baseline 0.003 -4"><span class='ocrx_word' id='word_1_38' title='bbox 129 807 334 864; x_wconf 83' lang='lat' dir='ltr'>5caeremeniis</span> <span class='ocrx_word' id='word_1_39' title='bbox 348 809 520 865; x_wconf 87' lang='lat' dir='ltr'>venerabiles</span> <span class='ocrx_word' id='word_1_40' title='bbox 544 827 578 864; x_wconf 86' lang='lat' dir='ltr'>ac</span> <span class='ocrx_word' id='word_1_41' title='bbox 602 820 712 864; x_wconf 87' lang='lat' dir='ltr'>sanctas</span> <span class='ocrx_word' id='word_1_42' title='bbox 735 807 809 864; x_wconf 86' lang='lat' dir='ltr'>lecit.</span> <span class='ocrx_word' id='word_1_43' title='bbox 851 808 942 864; x_wconf 83' lang='lat' dir='ltr'>Salios</span> <span class='ocrx_word' id='word_1_44' title='bbox 955 807 1021 864; x_wconf 86' lang='lat' dir='ltr'>item</span> <span class='ocrx_word' id='word_1_45' title='bbox 1036 809 1104 864; x_wconf 91' lang='lat' dir='ltr'>duo-</span> 
     </span>
     <span class='ocr_line' id='line_1_7' title="bbox 152 885 1103 962; baseline 0.001 -21"><span class='ocrx_word' id='word_1_46' title='bbox 152 885 252 942; x_wconf 88' lang='lat' dir='ltr'>decim</span> <span class='ocrx_word' id='word_1_47' title='bbox 267 885 349 942; x_wconf 87' lang='lat' dir='ltr'>Marti</span> <span class='ocrx_word' id='word_1_48' title='bbox 365 887 487 944; x_wconf 89' lang='lat' dir='ltr'>Gradivo</span> <span class='ocrx_word' id='word_1_49' title='bbox 500 887 585 962; x_wconf 87' lang='lat' dir='ltr'>legit;</span> <span class='ocrx_word' id='word_1_50' title='bbox 614 888 772 959; x_wconf 78' lang='lat' dir='ltr'>tunicaeque</span> <span class='ocrx_word' id='word_1_51' title='bbox 787 888 868 960; x_wconf 81' lang='lat' dir='ltr'>pictae</span> <span class='ocrx_word' id='word_1_52' title='bbox 890 887 1000 961; x_wconf 83' lang='lat' dir='ltr'>insigne</span> <span class='ocrx_word' id='word_1_53' title='bbox 1016 886 1103 952; x_wconf 88' lang='lat' dir='ltr'>dedit,</span> 
     </span>
     <span class='ocr_line' id='line_1_8' title="bbox 152 963 1103 1040; baseline 0.001 -21"><span class='ocrx_word' id='word_1_54' title='bbox 152 976 184 1020; x_wconf 89' lang='lat' dir='ltr'>et</span> <span class='ocrx_word' id='word_1_55' title='bbox 199 983 282 1039; x_wconf 92' lang='lat' dir='ltr'>super</span> <span class='ocrx_word' id='word_1_56' title='bbox 296 963 421 1022; x_wconf 89' lang='lat' dir='ltr'>tunicam</span> <span class='ocrx_word' id='word_1_57' title='bbox 434 985 542 1022; x_wconf 85' lang='lat' dir='ltr'>aeneum</span> <span class='ocrx_word' id='word_1_58' title='bbox 554 966 657 1040; x_wconf 79' lang='lat' dir='ltr'>pectori</span> <span class='ocrx_word' id='word_1_59' title='bbox 669 966 792 1040; x_wconf 84' lang='lat' dir='ltr'>tegimen</span> <span class='ocrx_word' id='word_1_60' title='bbox 805 984 813 1033; x_wconf 88' lang='lat'>;</span> <span class='ocrx_word' id='word_1_61' title='bbox 828 965 1006 1039; x_wconf 77' lang='lat' dir='ltr'>coelestiaque</span> <span class='ocrx_word' id='word_1_62' title='bbox 1017 983 1103 1036; x_wconf 85' lang='lat' dir='ltr'>arma,</span> 
     </span>
     <span class='ocr_line' id='line_1_9' title="bbox 151 1041 1104 1118; baseline 0.004 -20"><span class='ocrx_word' id='word_1_63' title='bbox 151 1061 219 1115; x_wconf 70' lang='lat' dir='ltr'>quar</span> <span class='ocrx_word' id='word_1_64' title='bbox 234 1041 348 1099; x_wconf 84' lang='lat' dir='ltr'>&#39;Arroilia</span> <span class='ocrx_word' id='word_1_65' title='bbox 362 1045 544 1117; x_wconf 69' lang='lat' dir='ltr'>appellantur,</span> <span class='ocrx_word' id='word_1_66' title='bbox 560 1045 640 1115; x_wconf 86' lang='lat' dir='ltr'>serre,</span> <span class='ocrx_word' id='word_1_67' title='bbox 664 1063 698 1099; x_wconf 88' lang='lat' dir='ltr'>ac</span> <span class='ocrx_word' id='word_1_68' title='bbox 722 1062 771 1118; x_wconf 92' lang='lat' dir='ltr'>per</span> <span class='ocrx_word' id='word_1_69' title='bbox 795 1044 891 1100; x_wconf 91' lang='lat' dir='ltr'>urbem</span> <span class='ocrx_word' id='word_1_70' title='bbox 916 1043 955 1100; x_wconf 91' lang='lat' dir='ltr'>ire</span> <span class='ocrx_word' id='word_1_71' title='bbox 969 1056 1104 1102; x_wconf 79' lang='lat' dir='ltr'>canentes</span> 
     </span>
     <span class='ocr_line' id='line_1_10' title="bbox 153 1120 1105 1196; baseline 0.001 -20"><span class='ocrx_word' id='word_1_72' title='bbox 153 1121 284 1176; x_wconf 89' lang='lat' dir='ltr'>earmina</span> <span class='ocrx_word' id='word_1_73' title='bbox 306 1140 372 1178; x_wconf 89' lang='lat' dir='ltr'>cunr</span> <span class='ocrx_word' id='word_1_74' title='bbox 396 1122 524 1196; x_wconf 86' lang='lat' dir='ltr'>tripudiis</span> <span class='ocrx_word' id='word_1_75' title='bbox 548 1123 710 1196; x_wconf 80' lang='lat' dir='ltr'>solennique</span> <span class='ocrx_word' id='word_1_76' title='bbox 734 1122 834 1178; x_wconf 88' lang='lat' dir='ltr'>saltatu</span> <span class='ocrx_word' id='word_1_77' title='bbox 853 1120 943 1195; x_wconf 88' lang='lat' dir='ltr'>jussit.</span> <span class='ocrx_word' id='word_1_78' title='bbox 993 1121 1105 1180; x_wconf 89' lang='lat' dir='ltr'>Pontifi-</span> 
     </span>
     <span class='ocr_line' id='line_1_11' title="bbox 121 1199 1104 1270; baseline 0.004 -17"><span class='ocrx_word' id='word_1_79' title='bbox 121 1212 220 1254; x_wconf 80' lang='lat' dir='ltr'>lucem</span> <span class='ocrx_word' id='word_1_80' title='bbox 234 1199 338 1256; x_wconf 91' lang='lat' dir='ltr'>deinde</span> <span class='ocrx_word' id='word_1_81' title='bbox 352 1199 476 1256; x_wconf 87' lang='lat' dir='ltr'>Numam</span> <span class='ocrx_word' id='word_1_82' title='bbox 491 1201 651 1270; x_wconf 73' lang='lat' dir='ltr'>&#39;lllarciurm</span> <span class='ocrx_word' id='word_1_83' title='bbox 678 1199 767 1256; x_wconf 89' lang='lat' dir='ltr'>Marci</span> <span class='ocrx_word' id='word_1_84' title='bbox 792 1199 890 1264; x_wconf 80' lang='lat' dir='ltr'>filiuni,</span> <span class='ocrx_word' id='word_1_85' title='bbox 915 1219 950 1254; x_wconf 87' lang='lat' dir='ltr'>ex</span> <span class='ocrx_word' id='word_1_86' title='bbox 974 1200 1104 1257; x_wconf 86' lang='lat' dir='ltr'>Patribus</span> 
     </span>
     <span class='ocr_line' id='line_1_12' title="bbox 154 1276 1101 1354; baseline 0.002 -22"><span class='ocrx_word' id='word_1_87' title='bbox 154 1276 242 1352; x_wconf 80' lang='lat' dir='ltr'>legit3</span> <span class='ocrx_word' id='word_1_88' title='bbox 263 1279 346 1352; x_wconf 87' lang='lat' dir='ltr'>eique</span> <span class='ocrx_word' id='word_1_89' title='bbox 360 1297 439 1334; x_wconf 83' lang='lat' dir='ltr'>sacra</span> <span class='ocrx_word' id='word_1_90' title='bbox 460 1282 555 1336; x_wconf 90' lang='lat' dir='ltr'>omnia</span> <span class='ocrx_word' id='word_1_91' title='bbox 578 1279 720 1353; x_wconf 78' lang='lat' dir='ltr'>exscripta</span> <span class='ocrx_word' id='word_1_92' title='bbox 743 1279 944 1354; x_wconf 79' lang='lat' dir='ltr'>exsignataque</span> <span class='ocrx_word' id='word_1_93' title='bbox 958 1279 1101 1343; x_wconf 87' lang='lat' dir='ltr'>attribuit;</span> 
     </span>
     <span class='ocr_line' id='line_1_13' title="bbox 144 1355 1101 1431; baseline 0.003 -21"><span class='ocrx_word' id='word_1_94' title='bbox 144 1356 257 1428; x_wconf 64' lang='lat' dir='ltr'>‘quibus</span> <span class='ocrx_word' id='word_1_95' title='bbox 272 1357 376 1424; x_wconf 85' lang='lat' dir='ltr'>hostiis,</span> <span class='ocrx_word' id='word_1_96' title='bbox 392 1359 493 1431; x_wconf 87' lang='lat' dir='ltr'>quibus</span> <span class='ocrx_word' id='word_1_97' title='bbox 506 1359 615 1424; x_wconf 82' lang='lat' dir='ltr'>diebus,</span> <span class='ocrx_word' id='word_1_98' title='bbox 631 1359 665 1413; x_wconf 91' lang='lat' dir='ltr'>ad</span> <span class='ocrx_word' id='word_1_99' title='bbox 680 1376 741 1430; x_wconf 85' lang='lat' dir='ltr'>quae</span> <span class='ocrx_word' id='word_1_100' title='bbox 763 1358 887 1431; x_wconf 46' lang='lat' dir='ltr'>templas</span> <span class='ocrx_word' id='word_1_101' title='bbox 900 1375 979 1411; x_wconf 86' lang='lat' dir='ltr'>sacra</span> <span class='ocrx_word' id='word_1_102' title='bbox 993 1355 1101 1423; x_wconf 87' lang='lat' dir='ltr'>fierent,</span> 
     </span>
     <span class='ocr_line' id='line_1_14' title="bbox 155 1435 1103 1512; baseline 0.003 -23"><span class='ocrx_word' id='word_1_103' title='bbox 155 1445 238 1508; x_wconf 87' lang='lat' dir='ltr'>atque</span> <span class='ocrx_word' id='word_1_104' title='bbox 260 1435 336 1491; x_wconf 88' lang='lat' dir='ltr'>unde</span> <span class='ocrx_word' id='word_1_105' title='bbox 359 1436 387 1491; x_wconf 94' lang='lat' dir='ltr'>in</span> <span class='ocrx_word' id='word_1_106' title='bbox 411 1455 459 1491; x_wconf 87' lang='lat' dir='ltr'>eos</span> <span class='ocrx_word' id='word_1_107' title='bbox 482 1449 609 1512; x_wconf 86' lang='lat' dir='ltr'>sumptus</span> <span class='ocrx_word' id='word_1_108' title='bbox 632 1435 753 1511; x_wconf 90' lang='lat' dir='ltr'>pecunia</span> <span class='ocrx_word' id='word_1_109' title='bbox 773 1448 942 1510; x_wconf 83' lang='lat' dir='ltr'>erogaretur.</span> <span class='ocrx_word' id='word_1_110' title='bbox 994 1435 1103 1492; x_wconf 72' lang='lat' dir='ltr'>Caetera</span> 
     </span>
     <span class='ocr_line' id='line_1_15' title="bbox 155 1513 1102 1590; baseline 0.001 -23"><span class='ocrx_word' id='word_1_111' title='bbox 155 1527 266 1586; x_wconf 88' lang='lat' dir='ltr'>quoque</span> <span class='ocrx_word' id='word_1_112' title='bbox 281 1514 377 1569; x_wconf 89' lang='lat' dir='ltr'>omnia</span> <span class='ocrx_word' id='word_1_113' title='bbox 390 1513 504 1588; x_wconf 87' lang='lat' dir='ltr'>publica</span> <span class='ocrx_word' id='word_1_114' title='bbox 517 1515 676 1590; x_wconf 87' lang='lat' dir='ltr'>prlv&#39;ataque</span> <span class='ocrx_word' id='word_1_115' title='bbox 691 1533 771 1570; x_wconf 87' lang='lat' dir='ltr'>sacra</span> <span class='ocrx_word' id='word_1_116' title='bbox 784 1514 923 1588; x_wconf 87' lang='lat' dir='ltr'>pontilicis</span> <span class='ocrx_word' id='word_1_117' title='bbox 940 1513 1018 1569; x_wconf 79' lang='lat' dir='ltr'>scitis</span> <span class='ocrx_word' id='word_1_118' title='bbox 1038 1515 1102 1569; x_wconf 89' lang='lat' dir='ltr'>sub-</span> 
     </span>
     <span class='ocr_line' id='line_1_16' title="bbox 124 1590 1102 1668; baseline 0.002 -22"><span class='ocrx_word' id='word_1_119' title='bbox 124 1590 242 1664; x_wconf 82' lang='lat' dir='ltr'>¹⁵jecit3</span> <span class='ocrx_word' id='word_1_120' title='bbox 276 1603 307 1648; x_wconf 90' lang='lat' dir='ltr'>ut</span> <span class='ocrx_word' id='word_1_121' title='bbox 327 1603 411 1656; x_wconf 86' lang='lat' dir='ltr'>esset,</span> <span class='ocrx_word' id='word_1_122' title='bbox 435 1591 490 1667; x_wconf 83' lang='lat' dir='ltr'>qud</span> <span class='ocrx_word' id='word_1_123' title='bbox 514 1594 672 1650; x_wconf 88' lang='lat' dir='ltr'>consultum</span> <span class='ocrx_word' id='word_1_124' title='bbox 700 1593 795 1668; x_wconf 87' lang='lat' dir='ltr'>plebes</span> <span class='ocrx_word' id='word_1_125' title='bbox 816 1593 942 1668; x_wconf 80' lang='lat' dir='ltr'>veniret3</span> <span class='ocrx_word' id='word_1_126' title='bbox 977 1593 1102 1665; x_wconf 86' lang='lat' dir='ltr'>nequid</span> 
     </span>
     <span class='ocr_line' id='line_1_17' title="bbox 155 1669 1103 1746; baseline 0.006 -24"><span class='ocrx_word' id='word_1_127' title='bbox 155 1669 243 1726; x_wconf 84' lang='lat' dir='ltr'>divini</span> <span class='ocrx_word' id='word_1_128' title='bbox 254 1671 334 1745; x_wconf 84' lang='lat' dir='ltr'>juris,</span> <span class='ocrx_word' id='word_1_129' title='bbox 350 1672 519 1746; x_wconf 76' lang='lat' dir='ltr'>negligendo</span> <span class='ocrx_word' id='word_1_130' title='bbox 534 1672 636 1746; x_wconf 86' lang='lat' dir='ltr'>patrios</span> <span class='ocrx_word' id='word_1_131' title='bbox 656 1672 735 1738; x_wconf 81' lang='lat' dir='ltr'>ritus,</span> <span class='ocrx_word' id='word_1_132' title='bbox 759 1672 977 1746; x_wconf 82' lang='lat' dir='ltr'>peregrinosque</span> <span class='ocrx_word' id='word_1_133' title='bbox 999 1671 1103 1728; x_wconf 86' lang='lat' dir='ltr'>adscis-</span> 
     </span>
     <span class='ocr_line' id='line_1_18' title="bbox 106 1749 1101 1819; baseline 0.004 -17"><span class='ocrx_word' id='word_1_134' title='bbox 106 1779 109 1786; x_wconf 70' lang='grc'><strong><em>»</em></strong></span> <span class='ocrx_word' id='word_1_135' title='bbox 156 1749 256 1819; x_wconf 87' lang='lat' dir='ltr'>cende,</span> <span class='ocrx_word' id='word_1_136' title='bbox 281 1749 446 1806; x_wconf 88' lang='lat' dir='ltr'>turbaretur.</span> <span class='ocrx_word' id='word_1_137' title='bbox 495 1749 560 1806; x_wconf 86' lang='lat' dir='ltr'>Nee</span> <span class='ocrx_word' id='word_1_138' title='bbox 580 1751 709 1806; x_wconf 87' lang='lat' dir='ltr'>eoelestes</span> <span class='ocrx_word' id='word_1_139' title='bbox 733 1750 814 1808; x_wconf 72' lang='lat' dir='ltr'>modi)</span> <span class='ocrx_word' id='word_1_140' title='bbox 838 1749 1028 1816; x_wconf 70' lang='lat' dir='ltr'>ceremonias,</span> <span class='ocrx_word' id='word_1_141' title='bbox 1053 1751 1101 1806; x_wconf 88' lang='lat' dir='ltr'>scd</span> 
     </span>
     <span class='ocr_line' id='line_1_19' title="bbox 154 1825 1177 1903; baseline 0 -23"><span class='ocrx_word' id='word_1_142' title='bbox 154 1825 229 1900; x_wconf 86' lang='lat' dir='ltr'>justa</span> <span class='ocrx_word' id='word_1_143' title='bbox 242 1845 350 1901; x_wconf 82' lang='lat' dir='ltr'>quoque</span> <span class='ocrx_word' id='word_1_144' title='bbox 365 1828 503 1899; x_wconf 80' lang='lat' dir='ltr'>funebria,</span> <span class='ocrx_word' id='word_1_145' title='bbox 519 1829 725 1903; x_wconf 83' lang='lat' dir='ltr'>placandosque</span> <span class='ocrx_word' id='word_1_146' title='bbox 748 1827 858 1894; x_wconf 88' lang='lat' dir='ltr'>Manes,</span> <span class='ocrx_word' id='word_1_147' title='bbox 881 1842 910 1884; x_wconf 92' lang='lat' dir='ltr'>ut</span> <span class='ocrx_word' id='word_1_148' title='bbox 924 1828 998 1884; x_wconf 84' lang='lat' dir='ltr'>idem</span> <span class='ocrx_word' id='word_1_149' title='bbox 1014 1829 1103 1901; x_wconf 87' lang='lat' dir='ltr'>ponti·</span> <span class='ocrx_word' id='word_1_150' title='bbox 1173 1873 1177 1880; x_wconf 92' lang='lat'>.</span> 
     </span>
     <span class='ocr_line' id='line_1_20' title="bbox 157 1901 1101 1982; baseline 0.002 -24"><span class='ocrx_word' id='word_1_151' title='bbox 157 1901 202 1960; x_wconf 85' lang='lat' dir='ltr'>lex</span> <span class='ocrx_word' id='word_1_152' title='bbox 215 1905 362 1973; x_wconf 75' lang='lat' dir='ltr'>edoceret,</span> <span class='ocrx_word' id='word_1_153' title='bbox 391 1925 507 1980; x_wconf 84' lang='lat' dir='ltr'>quaeque</span> <span class='ocrx_word' id='word_1_154' title='bbox 528 1908 663 1982; x_wconf 80' lang='lat' dir='ltr'>prodigia,</span> <span class='ocrx_word' id='word_1_155' title='bbox 680 1907 842 1962; x_wconf 85' lang='lat' dir='ltr'>fulminibus</span> <span class='ocrx_word' id='word_1_156' title='bbox 863 1907 950 1968; x_wconf 82' lang='lat' dir='ltr'>aliove</span> <span class='ocrx_word' id='word_1_157' title='bbox 974 1925 1028 1979; x_wconf 90' lang='lat' dir='ltr'>quo</span> <span class='ocrx_word' id='word_1_158' title='bbox 1043 1907 1101 1976; x_wconf 84' lang='lat' dir='ltr'>risu</span> 
     </span>
     <span class='ocr_line' id='line_1_21' title="bbox 123 1983 1101 2058; baseline 0.003 -21"><span class='ocrx_word' id='word_1_159' title='bbox 123 1983 249 2048; x_wconf 67' lang='lat' dir='ltr'>emissa,</span> <span class='ocrx_word' id='word_1_160' title='bbox 265 1985 473 2058; x_wconf 79' lang='lat' dir='ltr'>susciperentur</span> <span class='ocrx_word' id='word_1_161' title='bbox 488 1998 569 2058; x_wconf 86' lang='lat' dir='ltr'>arque</span> <span class='ocrx_word' id='word_1_162' title='bbox 584 1999 763 2041; x_wconf 86' lang='lat' dir='ltr'>curarentur:</span> <span class='ocrx_word' id='word_1_163' title='bbox 793 1985 826 2040; x_wconf 88' lang='lat' dir='ltr'>ad</span> <span class='ocrx_word' id='word_1_164' title='bbox 852 2005 886 2040; x_wconf 90' lang='lat' dir='ltr'>ea</span> <span class='ocrx_word' id='word_1_165' title='bbox 907 1984 1046 2040; x_wconf 88' lang='lat' dir='ltr'>elicienda</span> <span class='ocrx_word' id='word_1_166' title='bbox 1067 2004 1101 2040; x_wconf 83' lang='lat' dir='ltr'>ex</span> 
     </span>
     <span class='ocr_line' id='line_1_22' title="bbox 157 2062 1101 2132; baseline 0.002 -16"><span class='ocrx_word' id='word_1_167' title='bbox 157 2062 297 2125; x_wconf 86' lang='lat' dir='ltr'>mentibus</span> <span class='ocrx_word' id='word_1_168' title='bbox 321 2063 431 2132; x_wconf 80' lang='lat' dir='ltr'>divinis,</span> <span class='ocrx_word' id='word_1_169' title='bbox 460 2064 522 2120; x_wconf 87' lang='lat' dir='ltr'>Jovi</span> <span class='ocrx_word' id='word_1_170' title='bbox 547 2063 638 2120; x_wconf 84' lang='lat' dir='ltr'>Elicio</span> <span class='ocrx_word' id='word_1_171' title='bbox 662 2082 737 2118; x_wconf 87' lang='lat' dir='ltr'>aram</span> <span class='ocrx_word' id='word_1_172' title='bbox 763 2064 792 2119; x_wconf 94' lang='lat' dir='ltr'>in</span> <span class='ocrx_word' id='word_1_173' title='bbox 816 2063 958 2131; x_wconf 75' lang='lat' dir='ltr'>Auentino</span> <span class='ocrx_word' id='word_1_174' title='bbox 973 2063 1101 2131; x_wconf 20' lang='lat' dir='ltr'>,dicavit3</span> 
     </span>
     <span class='ocr_line' id='line_1_23' title="bbox 156 2137 985 2216; baseline 0.002 -20"><span class='ocrx_word' id='word_1_175' title='bbox 156 2137 303 2214; x_wconf 86' lang='lat' dir='ltr'>Deumque</span> <span class='ocrx_word' id='word_1_176' title='bbox 318 2143 459 2198; x_wconf 87' lang='lat' dir='ltr'>consuluit</span> <span class='ocrx_word' id='word_1_177' title='bbox 472 2142 606 2216; x_wconf 84' lang='lat' dir='ltr'>auguriis,</span> <span class='ocrx_word' id='word_1_178' title='bbox 620 2160 681 2215; x_wconf 77' lang='lat' dir='ltr'>qum</span> <span class='ocrx_word' id='word_1_179' title='bbox 692 2141 871 2216; x_wconf 85' lang='lat' dir='ltr'>suscipienda</span> <span class='ocrx_word' id='word_1_180' title='bbox 884 2151 985 2198; x_wconf 76' lang='lat' dir='ltr'>essent.</span> 
     </span>
    </p>
   </div>
   <div class='ocr_carea' id='block_1_3' title="bbox 114 2279 1102 3861">
    <p class='ocr_par' dir='ltr' id='par_1_3' title="bbox 114 2279 1102 3861">
     <span class='ocr_line' id='line_1_24' title="bbox 114 2279 1102 2372; baseline 0.004 -22"><span class='ocrx_word' id='word_1_181' title='bbox 114 2279 143 2309; x_wconf 55' lang='lat'>‘²</span> <span class='ocrx_word' id='word_1_182' title='bbox 193 2295 279 2352; x_wconf 81' lang='lat' dir='ltr'>XXI.</span> <span class='ocrx_word' id='word_1_183' title='bbox 311 2298 356 2352; x_wconf 89' lang='lat' dir='ltr'>Ad</span> <span class='ocrx_word' id='word_1_184' title='bbox 380 2299 440 2353; x_wconf 79' lang='lat' dir='ltr'>haee</span> <span class='ocrx_word' id='word_1_185' title='bbox 462 2299 647 2353; x_wconf 87' lang='lat' dir='ltr'>consultanda</span> <span class='ocrx_word' id='word_1_186' title='bbox 670 2285 899 2372; x_wconf 87' lang='lat' dir='ltr'>procurandaque</span> <span class='ocrx_word' id='word_1_187' title='bbox 923 2298 1102 2355; x_wconf 88' lang='lat' dir='ltr'>multitudine</span> 
     </span>
     <span class='ocr_line' id='line_1_25' title="bbox 154 2374 1102 2451; baseline 0.004 -22"><span class='ocrx_word' id='word_1_188' title='bbox 154 2374 230 2430; x_wconf 92' lang='lat' dir='ltr'>omni</span> <span class='ocrx_word' id='word_1_189' title='bbox 245 2393 261 2430; x_wconf 82' lang='lat' dir='ltr'>a</span> <span class='ocrx_word' id='word_1_190' title='bbox 276 2375 343 2430; x_wconf 82' lang='lat' dir='ltr'>riet</span> <span class='ocrx_word' id='word_1_191' title='bbox 357 2376 441 2430; x_wconf 82' lang='lat' dir='ltr'>arinis</span> <span class='ocrx_word' id='word_1_192' title='bbox 455 2379 598 2441; x_wconf 71' lang='lat' dir='ltr'>conversi,</span> <span class='ocrx_word' id='word_1_193' title='bbox 613 2387 641 2432; x_wconf 90' lang='lat' dir='ltr'>et</span> <span class='ocrx_word' id='word_1_194' title='bbox 663 2377 749 2432; x_wconf 89' lang='lat' dir='ltr'>animi</span> <span class='ocrx_word' id='word_1_195' title='bbox 773 2377 876 2450; x_wconf 89' lang='lat' dir='ltr'>aliquid</span> <span class='ocrx_word' id='word_1_196' title='bbox 895 2377 1006 2451; x_wconf 77' lang='lat' dir='ltr'>agendo</span> <span class='ocrx_word' id='word_1_197' title='bbox 1018 2397 1102 2434; x_wconf 89' lang='lat' dir='ltr'>occu·</span> 
     </span>
     <span class='ocr_line' id='line_1_26' title="bbox 121 2453 1101 2529; baseline 0.003 -21"><span class='ocrx_word' id='word_1_198' title='bbox 121 2453 209 2526; x_wconf 78' lang='lat' dir='ltr'>sapati</span> <span class='ocrx_word' id='word_1_199' title='bbox 225 2465 316 2516; x_wconf 83' lang='lat' dir='ltr'>erant,</span> <span class='ocrx_word' id='word_1_200' title='bbox 331 2465 359 2509; x_wconf 90' lang='lat' dir='ltr'>et</span> <span class='ocrx_word' id='word_1_201' title='bbox 373 2453 497 2510; x_wconf 86' lang='lat' dir='ltr'>Deorum</span> <span class='ocrx_word' id='word_1_202' title='bbox 513 2455 624 2510; x_wconf 85' lang='lat' dir='ltr'>assidua</span> <span class='ocrx_word' id='word_1_203' title='bbox 639 2456 764 2512; x_wconf 88' lang='lat' dir='ltr'>insidens</span> <span class='ocrx_word' id='word_1_204' title='bbox 775 2474 852 2526; x_wconf 89' lang='lat' dir='ltr'>cura,</span> <span class='ocrx_word' id='word_1_205' title='bbox 866 2475 950 2529; x_wconf 92' lang='lat' dir='ltr'>quum</span> <span class='ocrx_word' id='word_1_206' title='bbox 967 2456 1101 2512; x_wconf 81' lang='lat' dir='ltr'>interesse</span> 
     </span>
     <span class='ocr_line' id='line_1_27' title="bbox 154 2531 1100 2608; baseline 0.004 -22"><span class='ocrx_word' id='word_1_207' title='bbox 154 2531 238 2586; x_wconf 88' lang='lat' dir='ltr'>rebus</span> <span class='ocrx_word' id='word_1_208' title='bbox 252 2531 382 2586; x_wconf 90' lang='lat' dir='ltr'>humanis</span> <span class='ocrx_word' id='word_1_209' title='bbox 396 2534 509 2593; x_wconf 84' lang='lat' dir='ltr'>coeleste</span> <span class='ocrx_word' id='word_1_210' title='bbox 524 2533 638 2590; x_wconf 87' lang='lat' dir='ltr'>Numen</span> <span class='ocrx_word' id='word_1_211' title='bbox 654 2535 802 2604; x_wconf 88' lang='lat' dir='ltr'>videretur,</span> <span class='ocrx_word' id='word_1_212' title='bbox 817 2536 965 2608; x_wconf 71' lang='lat' dir='ltr'>ed&#39;pietate</span> <span class='ocrx_word' id='word_1_213' title='bbox 976 2535 1100 2590; x_wconf 86' lang='lat' dir='ltr'>omniunt</span> 
     </span>
     <span class='ocr_line' id='line_1_28' title="bbox 153 2609 1100 2687; baseline 0.002 -23"><span class='ocrx_word' id='word_1_214' title='bbox 153 2619 267 2683; x_wconf 88' lang='lat' dir='ltr'>pectora</span> <span class='ocrx_word' id='word_1_215' title='bbox 281 2609 427 2680; x_wconf 88' lang='lat' dir='ltr'>imbuerat,</span> <span class='ocrx_word' id='word_1_216' title='bbox 443 2623 472 2666; x_wconf 91' lang='lat' dir='ltr'>ut</span> <span class='ocrx_word' id='word_1_217' title='bbox 488 2611 556 2666; x_wconf 88' lang='lat' dir='ltr'>lides</span> <span class='ocrx_word' id='word_1_218' title='bbox 574 2631 607 2667; x_wconf 91' lang='lat' dir='ltr'>ac</span> <span class='ocrx_word' id='word_1_219' title='bbox 629 2611 835 2686; x_wconf 85' lang='lat' dir='ltr'>jusjurandum,</span> <span class='ocrx_word' id='word_1_220' title='bbox 858 2614 983 2687; x_wconf 86' lang='lat' dir='ltr'>proximo</span> <span class='ocrx_word' id='word_1_221' title='bbox 1007 2612 1100 2686; x_wconf 78' lang='lat' dir='ltr'>legum</span> 
     </span>
     <span class='ocr_line' id='line_1_29' title="bbox 154 2691 1100 2764; baseline 0.002 -22"><span class='ocrx_word' id='word_1_222' title='bbox 154 2705 188 2743; x_wconf 89' lang='lat' dir='ltr'>ac</span> <span class='ocrx_word' id='word_1_223' title='bbox 212 2705 356 2760; x_wconf 85' lang='lat' dir='ltr'>poenarum</span> <span class='ocrx_word' id='word_1_224' title='bbox 380 2703 464 2756; x_wconf 88' lang='lat' dir='ltr'>metu,</span> <span class='ocrx_word' id='word_1_225' title='bbox 487 2691 626 2750; x_wconf 80' lang='lat' dir='ltr'>civitatem</span> <span class='ocrx_word' id='word_1_226' title='bbox 652 2702 799 2764; x_wconf 86' lang='lat' dir='ltr'>regerent:</span> <span class='ocrx_word' id='word_1_227' title='bbox 839 2703 868 2746; x_wconf 92' lang='lat' dir='ltr'>et</span> <span class='ocrx_word' id='word_1_228' title='bbox 891 2711 975 2764; x_wconf 90' lang='lat' dir='ltr'>quum</span> <span class='ocrx_word' id='word_1_229' title='bbox 999 2691 1049 2764; x_wconf 89' lang='lat' dir='ltr'>ipsi</span> <span class='ocrx_word' id='word_1_230' title='bbox 1071 2709 1100 2745; x_wconf 82' lang='lat' dir='ltr'>se</span> 
     </span>
     <span class='ocr_line' id='line_1_30' title="bbox 155 2766 1099 2842; baseline 0.004 -22"><span class='ocrx_word' id='word_1_231' title='bbox 155 2766 282 2822; x_wconf 90' lang='lat' dir='ltr'>homines</span> <span class='ocrx_word' id='word_1_232' title='bbox 307 2767 335 2821; x_wconf 95' lang='lat' dir='ltr'>in</span> <span class='ocrx_word' id='word_1_233' title='bbox 360 2786 443 2841; x_wconf 76' lang='lat' dir='ltr'>regis,</span> <span class='ocrx_word' id='word_1_234' title='bbox 469 2768 544 2824; x_wconf 79' lang='lat' dir='ltr'>volut</span> <span class='ocrx_word' id='word_1_235' title='bbox 566 2770 640 2824; x_wconf 85' lang='lat' dir='ltr'>unici</span> <span class='ocrx_word' id='word_1_236' title='bbox 666 2767 796 2842; x_wconf 80' lang='lat' dir='ltr'>exempli,</span> <span class='ocrx_word' id='word_1_237' title='bbox 818 2788 908 2825; x_wconf 90' lang='lat' dir='ltr'>mores</span> <span class='ocrx_word' id='word_1_238' title='bbox 930 2769 1099 2835; x_wconf 78' lang='lat' dir='ltr'>formarent3</span> 
     </span>
     <span class='ocr_line' id='line_1_31' title="bbox 120 2843 1101 2920; baseline 0 -18"><span class='ocrx_word' id='word_1_239' title='bbox 120 2856 212 2902; x_wconf 80' lang='lat' dir='ltr'>satum</span> <span class='ocrx_word' id='word_1_240' title='bbox 228 2843 338 2900; x_wconf 84' lang='lat' dir='ltr'>finitimi</span> <span class='ocrx_word' id='word_1_241' title='bbox 353 2846 436 2901; x_wconf 86' lang='lat' dir='ltr'>etiarn</span> <span class='ocrx_word' id='word_1_242' title='bbox 452 2847 552 2919; x_wconf 89' lang='lat' dir='ltr'>populi,</span> <span class='ocrx_word' id='word_1_243' title='bbox 568 2847 613 2919; x_wconf 85' lang='lat' dir='ltr'>qui</span> <span class='ocrx_word' id='word_1_244' title='bbox 629 2847 702 2911; x_wconf 73' lang='lat' dir='ltr'>ante,</span> <span class='ocrx_word' id='word_1_245' title='bbox 723 2857 823 2918; x_wconf 88' lang='lat' dir='ltr'>castra,</span> <span class='ocrx_word' id='word_1_246' title='bbox 838 2867 893 2903; x_wconf 87' lang='lat' dir='ltr'>nou</span> <span class='ocrx_word' id='word_1_247' title='bbox 909 2848 1016 2910; x_wconf 86' lang='lat' dir='ltr'>urbem,</span> <span class='ocrx_word' id='word_1_248' title='bbox 1031 2848 1101 2920; x_wconf 91' lang='lat' dir='ltr'>posi·</span> 
     </span>
     <span class='ocr_line' id='line_1_32' title="bbox 153 2922 1099 2999; baseline 0.002 -21"><span class='ocrx_word' id='word_1_249' title='bbox 153 2933 211 2978; x_wconf 85' lang='lat' dir='ltr'>tarn</span> <span class='ocrx_word' id='word_1_250' title='bbox 225 2922 254 2978; x_wconf 94' lang='lat' dir='ltr'>in</span> <span class='ocrx_word' id='word_1_251' title='bbox 269 2925 362 2978; x_wconf 89' lang='lat' dir='ltr'>medio</span> <span class='ocrx_word' id='word_1_252' title='bbox 377 2925 410 2979; x_wconf 86' lang='lat' dir='ltr'>ad</span> <span class='ocrx_word' id='word_1_253' title='bbox 426 2925 628 2980; x_wconf 81' lang='lat' dir='ltr'>sollicitandam</span> <span class='ocrx_word' id='word_1_254' title='bbox 650 2925 775 2980; x_wconf 86' lang='lat' dir='ltr'>omniurn</span> <span class='ocrx_word' id='word_1_255' title='bbox 790 2943 899 2999; x_wconf 87' lang='lat' dir='ltr'>pacem,</span> <span class='ocrx_word' id='word_1_256' title='bbox 914 2925 1099 2996; x_wconf 84' lang='lat' dir='ltr'>crediderant,</span> 
     </span>
     <span class='ocr_line' id='line_1_33' title="bbox 153 3001 1098 3070; baseline 0.002 -14"><span class='ocrx_word' id='word_1_257' title='bbox 153 3001 182 3056; x_wconf 93' lang='lat' dir='ltr'>in</span> <span class='ocrx_word' id='word_1_258' title='bbox 197 3019 260 3056; x_wconf 86' lang='lat' dir='ltr'>eam</span> <span class='ocrx_word' id='word_1_259' title='bbox 282 3003 478 3058; x_wconf 77' lang='lat' dir='ltr'>verecundiore</span> <span class='ocrx_word' id='word_1_260' title='bbox 500 3004 613 3058; x_wconf 86' lang='lat' dir='ltr'>adducti</span> <span class='ocrx_word' id='word_1_261' title='bbox 639 3015 712 3066; x_wconf 80' lang='lat' dir='ltr'>sunt.</span> <span class='ocrx_word' id='word_1_262' title='bbox 737 3015 767 3059; x_wconf 87' lang='lat' dir='ltr'>ut</span> <span class='ocrx_word' id='word_1_263' title='bbox 791 3005 941 3070; x_wconf 83' lang='lat' dir='ltr'>ciuitatem,</span> <span class='ocrx_word' id='word_1_264' title='bbox 963 3013 1048 3058; x_wconf 90' lang='lat' dir='ltr'>tetam</span> <span class='ocrx_word' id='word_1_265' title='bbox 1072 3005 1098 3060; x_wconf 92' lang='lat' dir='ltr'>in</span> 
     </span>
     <span class='ocr_line' id='line_1_34' title="bbox 153 3077 1099 3154; baseline 0.003 -20"><span class='ocrx_word' id='word_1_266' title='bbox 153 3077 260 3135; x_wconf 91' lang='lat' dir='ltr'>cultum</span> <span class='ocrx_word' id='word_1_267' title='bbox 285 3099 391 3154; x_wconf 76' lang='lat' dir='ltr'>versam</span> <span class='ocrx_word' id='word_1_268' title='bbox 417 3081 549 3146; x_wconf 86' lang='lat' dir='ltr'>Deorum,</span> <span class='ocrx_word' id='word_1_269' title='bbox 579 3081 672 3138; x_wconf 84' lang='lat' dir='ltr'>viciari</span> <span class='ocrx_word' id='word_1_270' title='bbox 696 3081 833 3138; x_wconf 88' lang='lat' dir='ltr'>ducerent</span> <span class='ocrx_word' id='word_1_271' title='bbox 864 3080 950 3136; x_wconf 85' lang='lat' dir='ltr'>nefas.</span> <span class='ocrx_word' id='word_1_272' title='bbox 1004 3081 1099 3137; x_wconf 80' lang='lat' dir='ltr'>Lucus</span> 
     </span>
     <span class='ocr_line' id='line_1_35' title="bbox 152 3159 1100 3234; baseline 0.004 -22"><span class='ocrx_word' id='word_1_273' title='bbox 152 3169 221 3225; x_wconf 78' lang='lat' dir='ltr'>eret,</span> <span class='ocrx_word' id='word_1_274' title='bbox 246 3177 328 3231; x_wconf 90' lang='lat' dir='ltr'>quem</span> <span class='ocrx_word' id='word_1_275' title='bbox 353 3159 476 3214; x_wconf 91' lang='lat' dir='ltr'>medium</span> <span class='ocrx_word' id='word_1_276' title='bbox 499 3179 533 3215; x_wconf 88' lang='lat' dir='ltr'>ex</span> <span class='ocrx_word' id='word_1_277' title='bbox 554 3179 643 3233; x_wconf 87' lang='lat' dir='ltr'>opaco</span> <span class='ocrx_word' id='word_1_278' title='bbox 666 3179 752 3234; x_wconf 86' lang='lat' dir='ltr'>specu</span> <span class='ocrx_word' id='word_1_279' title='bbox 775 3159 836 3216; x_wconf 84' lang='lat' dir='ltr'>lons</span> <span class='ocrx_word' id='word_1_280' title='bbox 857 3159 971 3233; x_wconf 89' lang='lat' dir='ltr'>perenni</span> <span class='ocrx_word' id='word_1_281' title='bbox 992 3159 1100 3234; x_wconf 84' lang='lat' dir='ltr'>rigabat</span> 
     </span>
     <span class='ocr_line' id='line_1_36' title="bbox 121 3237 1101 3312; baseline 0 -18"><span class='ocrx_word' id='word_1_282' title='bbox 121 3237 246 3309; x_wconf 75' lang='lat' dir='ltr'>ssaqud:</span> <span class='ocrx_word' id='word_1_283' title='bbox 266 3237 321 3309; x_wconf 85' lang='lat' dir='ltr'>qud</span> <span class='ocrx_word' id='word_1_284' title='bbox 335 3238 399 3310; x_wconf 90' lang='lat' dir='ltr'>quia</span> <span class='ocrx_word' id='word_1_285' title='bbox 413 3256 443 3292; x_wconf 91' lang='lat' dir='ltr'>se</span> <span class='ocrx_word' id='word_1_286' title='bbox 457 3257 543 3310; x_wconf 73' lang='lat' dir='ltr'>persae</span> <span class='ocrx_word' id='word_1_287' title='bbox 564 3257 579 3292; x_wconf 90' lang='lat' dir='ltr'>e</span> <span class='ocrx_word' id='word_1_288' title='bbox 594 3237 689 3304; x_wconf 82' lang='lat' dir='ltr'>Numa</span> <span class='ocrx_word' id='word_1_289' title='bbox 700 3258 760 3294; x_wconf 89' lang='lat' dir='ltr'>srne</span> <span class='ocrx_word' id='word_1_290' title='bbox 772 3238 890 3312; x_wconf 84' lang='lat' dir='ltr'>arbitris,</span> <span class='ocrx_word' id='word_1_291' title='bbox 903 3238 976 3294; x_wconf 90' lang='lat' dir='ltr'>velut</span> <span class='ocrx_word' id='word_1_292' title='bbox 988 3241 1021 3294; x_wconf 87' lang='lat' dir='ltr'>ad</span> <span class='ocrx_word' id='word_1_293' title='bbox 1034 3259 1101 3294; x_wconf 88' lang='lat' dir='ltr'>cou-</span> 
     </span>
     <span class='ocr_line' id='line_1_37' title="bbox 152 3258 1098 3390; baseline 0.003 -20"><span class='ocrx_word' id='word_1_294' title='bbox 152 3333 279 3389; x_wconf 82' lang='lat' dir='ltr'>gressum</span> <span class='ocrx_word' id='word_1_295' title='bbox 292 3315 370 3385; x_wconf 75' lang='lat' dir='ltr'>Deae,</span> <span class='ocrx_word' id='word_1_296' title='bbox 383 3316 527 3381; x_wconf 83' lang='lat' dir='ltr'>inferebat,</span> <span class='ocrx_word' id='word_1_297' title='bbox 540 3258 684 3370; x_wconf 71' lang='lat' dir='ltr'>Damoenis</span> <span class='ocrx_word' id='word_1_298' title='bbox 695 3335 758 3370; x_wconf 82' lang='lat' dir='ltr'>euin</span> <span class='ocrx_word' id='word_1_299' title='bbox 769 3315 863 3371; x_wconf 91' lang='lat' dir='ltr'>lucum</span> <span class='ocrx_word' id='word_1_300' title='bbox 875 3318 993 3373; x_wconf 87' lang='lat' dir='ltr'>sacravit</span> <span class='ocrx_word' id='word_1_301' title='bbox 1005 3337 1012 3383; x_wconf 83' lang='lat'>3</span> <span class='ocrx_word' id='word_1_302' title='bbox 1027 3337 1061 3390; x_wconf 93' lang='lat' dir='ltr'>qu</span> <span class='ocrx_word' id='word_1_303' title='bbox 1071 3317 1098 3373; x_wconf 63' lang='lat' dir='ltr'>ld</span> 
     </span>
     <span class='ocr_line' id='line_1_38' title="bbox 145 3393 1097 3472; baseline 0.001 -24"><span class='ocrx_word' id='word_1_304' title='bbox 145 3405 249 3448; x_wconf 85' lang='lat' dir='ltr'>&#39;earum</span> <span class='ocrx_word' id='word_1_305' title='bbox 265 3393 302 3448; x_wconf 91' lang='lat' dir='ltr'>ibi</span> <span class='ocrx_word' id='word_1_306' title='bbox 317 3393 515 3468; x_wconf 72' lang='lat' dir='ltr'>condiliacum</span> <span class='ocrx_word' id='word_1_307' title='bbox 530 3394 651 3467; x_wconf 81' lang='lat' dir='ltr'>conjuge</span> <span class='ocrx_word' id='word_1_308' title='bbox 663 3394 714 3450; x_wconf 80' lang='lat' dir='ltr'>sual</span> <span class='ocrx_word' id='word_1_309' title='bbox 726 3393 828 3467; x_wconf 79' lang='lat' dir='ltr'>Egeriai</span> <span class='ocrx_word' id='word_1_310' title='bbox 839 3407 940 3451; x_wconf 82' lang='lat' dir='ltr'>essent.</span> <span class='ocrx_word' id='word_1_311' title='bbox 969 3395 1005 3452; x_wconf 88' lang='lat' dir='ltr'>Et</span> <span class='ocrx_word' id='word_1_312' title='bbox 1019 3395 1097 3472; x_wconf 88' lang='lat' dir='ltr'>[soli]</span> 
     </span>
     <span class='ocr_line' id='line_1_39' title="bbox 153 3471 1099 3548; baseline 0 -20"><span class='ocrx_word' id='word_1_313' title='bbox 153 3471 235 3528; x_wconf 88' lang='lat' dir='ltr'>Fidei</span> <span class='ocrx_word' id='word_1_314' title='bbox 252 3471 367 3542; x_wconf 82' lang='lat' dir='ltr'>solenne</span> <span class='ocrx_word' id='word_1_315' title='bbox 379 3471 514 3528; x_wconf 86' lang='lat' dir='ltr'>instituit:</span> <span class='ocrx_word' id='word_1_316' title='bbox 529 3472 563 3526; x_wconf 81' lang='lat' dir='ltr'>arl</span> <span class='ocrx_word' id='word_1_317' title='bbox 577 3472 602 3526; x_wconf 92' lang='lat' dir='ltr'>id</span> <span class='ocrx_word' id='word_1_318' title='bbox 616 3473 767 3528; x_wconf 80' lang='lat' dir='ltr'>sacrarium</span> <span class='ocrx_word' id='word_1_319' title='bbox 783 3471 909 3530; x_wconf 86' lang='lat' dir='ltr'>flamines</span> <span class='ocrx_word' id='word_1_320' title='bbox 924 3474 1002 3548; x_wconf 80' lang='lat' dir='ltr'>bigis,</span> <span class='ocrx_word' id='word_1_321' title='bbox 1015 3491 1099 3529; x_wconf 86' lang='lat' dir='ltr'>curru</span> 
     </span>
     <span class='ocr_line' id='line_1_40' title="bbox 153 3550 1098 3626; baseline 0.004 -22"><span class='ocrx_word' id='word_1_322' title='bbox 153 3559 276 3618; x_wconf 88' lang='lat' dir='ltr'>arcuato,</span> <span class='ocrx_word' id='word_1_323' title='bbox 291 3550 353 3605; x_wconf 87' lang='lat' dir='ltr'>velri</span> <span class='ocrx_word' id='word_1_324' title='bbox 366 3550 458 3624; x_wconf 79' lang='lat' dir='ltr'>jussit,</span> <span class='ocrx_word' id='word_1_325' title='bbox 474 3570 613 3624; x_wconf 86' lang='lat' dir='ltr'>rnanuque</span> <span class='ocrx_word' id='word_1_326' title='bbox 637 3553 670 3605; x_wconf 91' lang='lat' dir='ltr'>ad</span> <span class='ocrx_word' id='word_1_327' title='bbox 686 3551 787 3624; x_wconf 72' lang='lat' dir='ltr'>digitos</span> <span class='ocrx_word' id='word_1_328' title='bbox 802 3571 889 3626; x_wconf 90' lang='lat' dir='ltr'>usque</span> <span class='ocrx_word' id='word_1_329' title='bbox 904 3553 1025 3608; x_wconf 74' lang='lat' dir='ltr'>involuta</span> <span class='ocrx_word' id='word_1_330' title='bbox 1040 3569 1098 3608; x_wconf 83' lang='lat' dir='ltr'>rent</span> 
     </span>
     <span class='ocr_line' id='line_1_41' title="bbox 122 3628 1098 3703; baseline -0.001 -18"><span class='ocrx_word' id='word_1_331' title='bbox 122 3628 276 3685; x_wconf 76' lang='lat' dir='ltr'>redivinam</span> <span class='ocrx_word' id='word_1_332' title='bbox 302 3628 411 3694; x_wconf 81' lang='lat' dir='ltr'>saeere3</span> <span class='ocrx_word' id='word_1_333' title='bbox 446 3629 638 3703; x_wconf 82' lang='lat' dir='ltr'>significantes</span> <span class='ocrx_word' id='word_1_334' title='bbox 662 3629 744 3684; x_wconf 85' lang='lat' dir='ltr'>fidem</span> <span class='ocrx_word' id='word_1_335' title='bbox 769 3631 923 3695; x_wconf 85' lang='lat' dir='ltr'>tutandam,</span> <span class='ocrx_word' id='word_1_336' title='bbox 948 3631 1098 3701; x_wconf 88' lang='lat' dir='ltr'>sedemque</span> 
     </span>
     <span class='ocr_line' id='line_1_42' title="bbox 152 3707 1099 3781; baseline 0.001 -19"><span class='ocrx_word' id='word_1_337' title='bbox 152 3707 214 3781; x_wconf 87' lang='lat' dir='ltr'>ejus</span> <span class='ocrx_word' id='word_1_338' title='bbox 227 3707 311 3762; x_wconf 84' lang='lat' dir='ltr'>etiam</span> <span class='ocrx_word' id='word_1_339' title='bbox 336 3707 364 3762; x_wconf 92' lang='lat' dir='ltr'>in</span> <span class='ocrx_word' id='word_1_340' title='bbox 389 3709 493 3764; x_wconf 87' lang='lat' dir='ltr'>dextris</span> <span class='ocrx_word' id='word_1_341' title='bbox 507 3721 643 3763; x_wconf 86' lang='lat' dir='ltr'>sacratam</span> <span class='ocrx_word' id='word_1_342' title='bbox 660 3727 730 3763; x_wconf 85' lang='lat' dir='ltr'>esse.</span> <span class='ocrx_word' id='word_1_343' title='bbox 773 3707 862 3764; x_wconf 89' lang='lat' dir='ltr'>Multa</span> <span class='ocrx_word' id='word_1_344' title='bbox 885 3709 936 3764; x_wconf 89' lang='lat' dir='ltr'>alia</span> <span class='ocrx_word' id='word_1_345' title='bbox 961 3707 1099 3763; x_wconf 85' lang='lat' dir='ltr'>sacrificia</span> 
     </span>
     <span class='ocr_line' id='line_1_43' title="bbox 152 3785 1100 3861; baseline 0 -19"><span class='ocrx_word' id='word_1_346' title='bbox 152 3786 269 3859; x_wconf 89' lang='lat' dir='ltr'>locaque</span> <span class='ocrx_word' id='word_1_347' title='bbox 284 3785 369 3840; x_wconf 88' lang='lat' dir='ltr'>sacris</span> <span class='ocrx_word' id='word_1_348' title='bbox 385 3785 529 3856; x_wconf 82' lang='lat' dir='ltr'>faciendis,</span> <span class='ocrx_word' id='word_1_349' title='bbox 544 3805 604 3860; x_wconf 81' lang='lat' dir='ltr'>quae</span> <span class='ocrx_word' id='word_1_350' title='bbox 619 3787 729 3861; x_wconf 83' lang='lat' dir='ltr'>Argeos</span> <span class='ocrx_word' id='word_1_351' title='bbox 742 3787 888 3860; x_wconf 86' lang='lat' dir='ltr'>pontifices</span> <span class='ocrx_word' id='word_1_352' title='bbox 900 3798 1008 3856; x_wconf 85' lang='lat' dir='ltr'>vocant,</span> <span class='ocrx_word' id='word_1_353' title='bbox 1023 3785 1100 3842; x_wconf 78' lang='lat' dir='ltr'>dedi·</span> 
     </span>
    </p>
   </div>
   <div class='ocr_carea' id='block_1_4' title="bbox 0 0 1328 4340">
    <p class='ocr_par' dir='ltr' id='par_1_4' title="bbox 0 0 1328 4340">
     <span class='ocr_line' id='line_1_44' title="bbox 0 0 1328 4340; baseline 0 2"><span class='ocrx_word' id='word_1_354' title='bbox 0 0 1328 4340; x_wconf 95' lang='lat' dir='ltr'> </span> 
     </span>
    </p>
   </div>
  </div>
 </body>
</html>
