2648 4340
227 356 267 418 34
294 369 298 378 ’
622 357 690 406 ΤΙΤΙ
707 357 791 406 LlVll

227 473 306 572 inde,
317 499 425 576 ingenti
439 500 533 576 praedd
547 501 660 576 potitus,
672 501 794 560 Romam
809 501 890 574 redit,
905 465 964 558 tum
985 519 1094 577 quoque
1107 502 1180 562 mul·

227 580 263 638 tis
290 580 413 638 millibus
434 579 599 638 Latinorum
620 581 648 637 in
669 580 811 641 civitatem
831 581 976 660 acceptist
1009 583 1120 656 quibus,
1147 594 1180 642 ut

223 657 390 736 jungeretur
405 659 511 718 Palatio
525 660 709 732 Aventinum,
733 661 767 717 ad
783 659 902 718 Murciae
915 662 987 718 datae
1001 661 1090 718 sedes.
1131 663 1181 720 Ja-

226 739 355 796 niculum
369 757 478 814 quoque
492 739 635 814 adjectum
647 759 655 807 ς
683 759 740 797 non
755 737 850 815 inopia
863 740 928 813 loci,
953 741 1002 797 sed
1017 743 1180 814 nequando

225 837 261 876 ea
284 837 333 875 arx
357 818 476 876 bostium
499 829 581 876 esset.
623 818 657 876 Id
679 839 735 879 non
750 837 829 876 muro
850 818 950 886 soltim,
970 819 1019 876 sed
1034 819 1128 886 etiam,
1142 821 1179 877 ob
1200 826 1216 866 ὅ

225 897 452 956 commoditatem
476 897 592 964 itineris,
606 909 691 973 ponte
713 898 839 970 sublicio,
865 911 922 956 tum
945 899 1069 974 primum
1084 899 1111 956 in
1127 899 1179 958 Ti-

225 975 383 1044 barisano,
399 976 533 1052 conjungi
549 977 610 1034 urbi
624 977 739 1052 placuit.
784 977 942 1046 Quiritium
956 997 1066 1052 quoque
1081 976 1177 1054 fossa,

225 1055 301 1112 baud
316 1073 429 1131 parvum
454 1056 659 1113 munimentum
685 1076 701 1113 a
722 1055 894 1132 planioribus
916 1057 993 1114 aditu
1008 1057 1085 1128 locis,
1101 1057 1178 1116 'Anci

225 1135 300 1210 regis
313 1153 384 1210 opus
397 1145 448 1192 est.
492 1135 604 1210 lugenti
626 1135 801 1193 incremento
823 1138 907 1194 rebus
921 1137 1019 1206 auctis,
1041 1155 1126 1211 quum
1148 1137 1178 1194 in

225 1214 303 1272 tantd
318 1213 497 1271 multitudine
513 1215 667 1284 bominum,
692 1215 856 1272 discrimine
880 1217 968 1303 recte³
978 1234 1020 1294 μη,
1031 1235 1178 1295 perperam
1189 1221 1213 1262 1⁰

226 1291 292 1350 lacti
313 1293 440 1359 confuso,
463 1293 588 1350 facinora
610 1293 787 1352 clandestina
809 1294 1049 1361 fierents‘caroe'r'
1067 1295 1102 1352 ad
1124 1306 1179 1352 ter-

225 1391 317 1430 rorem
345 1373 530 1430 inoresoeutis
556 1373 683 1430 audaciae
714 1373 809 1430 medii
836 1374 915 1446 urbe,
936 1373 1087 1431 imminens
1108 1373 1178 1446 soro,

225 1451 390 1508 aedificatur.
432 1451 497 1508 Noc
522 1453 587 1508 urbs
608 1450 716 1509 tannim
741 1453 795 1510 hoo
815 1471 883 1528 rege
903 1453 1001 1520 crevit,
1022 1453 1176 1510 sedetiam

224 1549 291 1606 ager
305 1529 439 1605 finesque.
481 1531 558 1588 Silva
572 1530 673 1588 Maesia
686 1531 854 1607 Vejeutibus
867 1533 998 1606 adempta
1010 1551 1017 1600 3
1038 1551 1126 1607 usque
1141 1533 1177 1592 ad

224 1628 301 1666 mare
315 1609 463 1684 imperium
477 1610 633 1686 prolatum3
654 1623 683 1667 et
696 1611 725 1668 iu
745 1629 793 1668 ore
808 1609 922 1668 Tiberis
936 1611 1018 1668 Ostia
1032 1612 1098 1668 urbs
1111 1631 1178 1670 cou·
1188 1614 1213 1657 1⁵

224 1688 301 1746 dita:
335 1689 432 1746 salinae
456 1687 534 1746 eirea
556 1689 646 1759 faotae,
673 1690 843 1766 egregieque
873 1691 958 1748 rebus
988 1689 1061 1748 bello
1080 1691 1176 1767 gestis,

224 1767 292 1824 edis
305 1765 383 1826 Jovis
398 1767 517 1826 Feretrii
531 1768 708 1844 amplificata.
1247 1830 1257 1840 ,

263 1924 407 1984 XXXIV.
429 1926 513 1984 Anco
526 1937 672 2003 regnante,
687 1928 824 1998 Lucumo,
839 1927 879 1985 vir
894 1927 1012 2004 impiger
1025 1947 1059 1986 ao
1072 1867 1214 2007 divitiisg

225 2016 335 2082 potens,
350 2005 473 2064 Romam
487 2006 694 2102 commigravit,
706 2007 840 2082 cupidine
854 2008 974 2066 maxime
989 2027 1023 2064 ac
1036 2027 1084 2083 spe
1099 2027 1177 2084 mag·
1191 2009 1207 2075 {a

224 2083 254 2142 ni
269 2085 391 2156 honoris,
413 2086 494 2162 cujus
514 2073 690 2164 adipiscendi
714 2085 878 2162 Tarquiniis
901 2086 980 2165 (uam
1006 2087 1045 2143 ibi
1066 2097 1212 2164 quoque&

223 2164 373 2240 peregrinis
384 2165 469 2240 stirpe
483 2165 619 2222 oriundus
633 2169 706 2244 erat)
731 2165 849 2224 facultas
863 2185 920 2224 non
935 2166 1032 2223 luerat.
1074 2165 1176 2224 Dama·
1191 2169 1198 2182 ’

223 2243 275 2300 rati
291 2243 431 2302 Corinthii
449 2244 522 2300 lilius
535 2256 615 2313 erat3
646 2245 704 2320 qui,
717 2245 754 2302 ob
768 2245 920 2303 seditiones
934 2245 1017 2302 domo
1031 2246 1173 2320 profugus,
1190 2235 1206 2320 ξ

223 2341 309 2396 quum
330 2322 495 2398 Tarquiniis
518 2323 588 2380 sorte
609 2325 791 2394 consedisset,
819 2343 905 2382 uxore
926 2325 965 2382 ibi
986 2324 1083 2391 ductii,
1105 2325 1211 2402 duos,

223 2399 295 2457 lilios
316 2403 422 2478 genuit.
475 2401 600 2459 Nomina
623 2403 667 2460 his
688 2402 816 2460 Lucumo
837 2416 919 2479 atque
945 2404 1039 2461 Aruns
1053 2404 1211 2463 suerunta']

224 2478 354 2537 Lucumo
367 2481 504 2556 superfuit
527 2481 608 2556 patri,
631 2481 767 2538 bonorum
788 2483 915 2540 omnium
930 2484 1037 2540 haeres:
1081 2485 1212 2540 Arunses

223 2559 307 2635 prior,
321 2562 409 2634 quam
423 2571 510 2636 pater,
526 2561 650 2628 moritur,
665 2580 751 2618 uxore
772 2561 885 2636 gravidi
899 2562 1007 2620 relicta.
1048 2561 1077 2619 N
1079 2581 1113 2620 ec
1126 2563 1177 2620 diu

224 2649 321 2696 manet
334 2652 476 2714 superstes
490 2639 547 2697 filio
559 2652 656 2716 pater:
677 2641 724 2715 qui
738 2659 834 2716 quum,
849 2641 982 2716 ignorans
996 2661 1096 2698 nurum
1112 2661 1176 2698 reu-

223 2727 294 2776 trem
320 2717 401 2788 serre,
417 2718 563 2776 immemor
578 2719 607 2776 in
622 2720 749 2778 testando
764 2719 872 2794 nepotis
886 2720 1064 2788 decessisset,
1080 2740 1174 2795 puero,

223 2808 284 2872 post
298 2798 341 2854 avi
356 2808 473 2856 mortem
489 2799 517 2854 in
532 2798 637 2856 nullam
662 2810 763 2856 sortem
786 2798 922 2856 bonorum
936 2811 1011 2866 nato,
1032 2801 1067 2856 ab
1082 2799 1176 2876 inopiis

223 2875 328 2952 Egerio
342 2877 462 2934 inditum
477 2895 589 2934 nomen.
632 2877 791 2935 Lucumoni
805 2879 911 2948 contra,
929 2879 1055 2936 omnium
1071 2879 1173 2936 heredi
1183 2895 1210 2934 ao

160 2951 162 2958 ’
224 2955 370 3022 bonorum,
384 2975 470 3032 quum
484 2957 588 3014 divitiae
604 2957 661 3033 jam
677 2958 785 3014 animos
799 2956 934 3024 lacerent,
949 2959 1026 3015 auxit
1039 2959 1126 3016 ducta
1145 2959 1174 3015 in

224 3035 434 3092 matrimonium
462 3035 614 3110 Tanaquil,
642 3055 751 3092 summo
779 3036 842 3092 loco
870 3048 945 3108 nata,
968 3049 997 3094 et
1016 3056 1078 3112 quaa
1099 3038 1174 3094 haud

202 3179 207 3187 .
223 3111 305 3169 facile*
321 3113 364 3179 iis,
380 3115 409 3172 iu
423 3115 524 3188 quibus
538 3127 603 3172 nata
621 3127 690 3181 erat,
714 3115 862 3172 humiliora
883 3116 988 3174 sineret
1001 3135 1043 3184 ea,
1058 3135 1120 3190 quae
1134 3115 1175 3172 in·

223 3191 372 3266 nupsisset.
415 3195 620 3269 Spernentibus
633 3193 762 3266 Etruscis
787 3193 992 3266 Lucumonem,
1017 3193 1112 3252 exsule
1126 3193 1174 3250 ad&

223 3270 295 3327 venti
308 3284 408 3340 ortum,
435 3273 506 3329 serre
536 3273 731 3349 indignitatem
752 3293 808 3330 non
830 3275 938 3349 potuit;
971 3274 1111 3347 oblitaque
1131 3273 1208 3330 imas

222 3349 326 3425 genitae
348 3369 416 3426 erga
439 3351 557 3426 patriam
578 3353 711 3425 caritatis,
725 3353 878 3410 dummodo
898 3354 986 3410 virum
1008 3353 1174 3410 honoratum

223 3429 339 3496 videret,
354 3431 503 3488 consilium
518 3432 656 3507 migrandi
672 3433 707 3488 ab
721 3431 886 3506 Tarquiniis
899 3433 982 3506 cepit.
1024 3431 1175 3490 Romaest
1241 3457 1279 3470 ··

223 3507 260 3566 ad
274 3507 302 3566 id
316 3508 488 3584 potissimrim
504 3511 578 3568 visa:
600 3513 628 3568 in
643 3529 714 3567 uoto
727 3509 837 3584 populo,
861 3511 908 3568 ubi
922 3509 1014 3566 omnis
1026 3510 1175 3586 repentina

224 3599 308 3663 atque
321 3607 356 3645 ex
371 3588 470 3644 virtute
485 3589 615 3646 nobilitas
628 3590 673 3655 sit,
689 3588 813 3646 futurum
827 3589 919 3646 locum
935 3589 998 3646 sorti
1013 3609 1047 3648 ac
1061 3602 1175 3650 strenuo

224 3667 299 3726 viro:
333 3668 466 3744 regnasse
490 3667 606 3724 Tatium
632 3668 785 3724 Sabinum:
819 3669 983 3726 arcessitum
1008 3669 1036 3728 in
1056 3689 1207 3746 regnumro

224 3743 350 3804 Numam
371 3746 539 3804 acoribus:
567 3760 595 3804 et
609 3748 724 3804 Ancum
740 3747 846 3804 Sabina
868 3761 955 3805 matre
975 3745 1077 3816 ortum,
1099 3749 1175 3808 nobi·

223 3825 334 3899 lemque
363 3827 418 3886 und
446 3826 567 3902 imagine
594 3827 697 3885 Numae
724 3847 796 3884 esse.
847 3827 943 3886 Facile
964 3831 1123 3905 persuadet,
1145 3839 1175 3886 ut
