2648 4340
483 343 585 394 LIBER
600 343 621 394 1.
653 357 714 394 cur.
726 359 787 394 aur.
1065 347 1104 410 49

154 497 238 550 auos
250 487 358 546 invidia
370 497 430 546 orta
453 499 504 560 est,
527 483 628 564 gladiis
651 487 681 544 irr
702 489 795 548 medio
817 488 923 564 positis,
935 499 973 558 ut,
996 489 1104 548 indicti

156 567 254 640 cauea,
268 586 341 624 novo
353 585 457 642 genere
468 565 525 637 leti,
540 566 667 642 dejectus
690 567 725 624 ad
746 582 830 644 caput
840 587 919 643 aquae
933 567 1103 644 Ferentinae,

154 657 235 704 crate
248 645 369 722 superne
383 643 488 722 injecta
501 645 630 722 saxisque
643 645 791 720 congestis,
806 660 986 724 mergeretur.

195 803 264 862 LII.
285 801 440 862 Revocatis
453 801 556 864 deiude
570 801 606 858 ad
620 794 772 860 concilium
789 801 906 875 Latinis,
921 801 1103 879 Tarquinius,

131 883 388 958 scollaudatisque‚
401 881 449 956 qui
461 881 592 938 Turnum
604 892 752 942 novantem
767 901 811 938 res
825 902 874 956 pro
885 883 1032 941 manifesto
1046 904 1106 960 par·

154 960 258 1021 ricidio
280 962 378 1018 meriti
401 961 483 1036 poena
505 959 672 1032 affecissent,
697 960 736 1039 ita
759 959 842 1016 rerba
864 962 948 1020 fecit:
989 963 1105 1020 “Posse

155 1042 303 1116 “quidem
317 1059 347 1096 se
361 1050 469 1096 vetusto
479 1039 542 1114 jure
564 1057 656 1114 egere,
678 1039 761 1112 quod,
785 1057 870 1114 quum
891 1059 990 1098 omnes
1012 1042 1106 1100 Latini

156 1123 174 1153 ‘⁸
187 1120 231 1176 ab'
240 1120 313 1176 Albo
326 1117 435 1177 oriundi
450 1117 516 1185 sint,
530 1117 560 1184 in
574 1135 608 1174 eo
622 1117 725 1180 Ioedere
740 1129 898 1184 teneantur,
919 1139 974 1193 quo
988 1121 1023 1178 ab
1037 1119 1107 1178 Tul·

156 1198 175 1232 “
187 1199 217 1256 lo
230 1218 275 1259 res
287 1197 378 1256 omnis
392 1197 505 1254 Albana
529 1215 594 1256 cum
618 1197 725 1256 colonis
749 1196 806 1252 suis
827 1196 857 1254 in
872 1197 1032 1256 Romanum
1047 1219 1107 1258 ces·

122 1279 176 1342 m“
188 1277 256 1340 serit
270 1276 426 1352 imperium.
467 1274 606 1332 Caetenim
628 1294 659 1340 se
680 1275 807 1338 utilitatis
828 1275 855 1334 id
878 1276 967 1351 magis
980 1279 1106 1336 omniurn

157 1359 176 1392 “
188 1357 276 1416 causti
290 1373 415 1421 censere,
431 1365 461 1410 ut
474 1366 621 1420 renovetur
642 1353 670 1412 id
692 1353 801 1424 foedus3
823 1355 1003 1429 secundique
1018 1357 1107 1432 potiris

157 1439 177 1472 “
188 1435 298 1495 fortuni
314 1433 408 1510 populi
424 1429 547 1490 Romani
562 1444 592 1488 ut
604 1433 756 1508 participes
771 1433 862 1490 Latini
876 1433 1011 1500 fruantur,
1024 1436 1107 1508 quim

156 1513 300 1590 “urbium
315 1511 674 1594 exscidiatvastutiones'que
690 1531 829 1586 agrorum,
843 1531 913 1586 quas
924 1514 1007 1570 Anco
1020 1512 1106 1588 priris,

156 1599 176 1630 “
188 1604 267 1668 patre
281 1591 384 1648 deiude
398 1610 449 1648 suo
470 1602 616 1668 regnante,
640 1589 764 1666 perpessi
788 1591 854 1657 sint,
869 1605 979 1666 semper
1000 1604 1047 1649 aut
1061 1612 1108 1650 ex·

125 1665 327 1746 1⁵“spectent‚
355 1663 403 1726 aut
428 1669 595 1748 patiantur.'’
629 1663 733 1732 'Haud
764 1669 913 1726 difficulter
944 1690 1107 1746 persuasum

148 1751 277 1820 Latinis,
292 1767 457 1824 quamquam
474 1747 550 1806 ineo
569 1747 673 1804 foedere
697 1749 821 1822 superior
837 1749 967 1808 Romana
982 1770 1025 1806 res
1040 1761 1107 1808 emt.

156 1827 300 1890 caeterum
314 1840 343 1900 et
356 1827 447 1900 capita
461 1827 583 1885 nominis
598 1826 689 1883 Latini
705 1838 777 1900 stare
796 1847 829 1883 uc
843 1829 947 1884 sentire
962 1848 1027 1886 curn
1042 1849 1108 1908 rege

157 1899 289 1972 ridebant
303 1926 311 1974 3
335 1919 364 1962 et
377 1903 494 1962 Turnus
508 1905 551 1962 sui
565 1905 667 1980 cuique
691 1905 828 1979 periculi,
843 1906 865 1962 si
891 1907 1052 1964 adversatus
1065 1929 1108 1964 es·

157 1983 333 2057 commeneus
356 1995 415 2040 erat
435 1985 645 2048 documentum.
688 1983 730 2040 Ita
756 1997 918 2040 renovatum
945 1985 1043 2056 fredus,
1069 1988 1110 2042 in-

124 2069 322 2138 adieruntque
334 2063 491 2138 junioribus
505 2061 679 2133 Latinorum,
703 2073 734 2120 ut
755 2082 789 2118 ex
804 2062 908 2118 soedere
922 2063 968 2120 die
983 2066 1060 2120 certa
1074 2066 1109 2121 ad

157 2147 255 2204 lucum
271 2143 431 2200 Ferentinae
455 2141 556 2198 armati
576 2141 734 2216 frequentes
758 2142 897 2197 adessent.
938 2141 998 2202 Qui
1013 2144 1059 2199 nbi
1074 2145 1109 2200 ad

156 2227 284 2282 edictum
300 2221 423 2279 Romani
434 2221 508 2296 regis
531 2239 566 2275 ex
589 2219 721 2276 omnibus
744 2219 852 2296 populis
867 2225 1042 2290 cortt‘enir03
1073 2242 1110 2280 ne

158 2305 263 2361 ducem
291 2320 383 2363 suum,
408 2319 478 2356 neve
505 2309 645 2354 secretum
675 2298 832 2373 imperium,
864 2301 1008 2374 propriave
1029 2301 1111 2377 signa

159 2384 307 2445 haberent,
321 2379 434 2435 miscuit
449 2378 605 2453 manipulos
628 2396 664 2434 en
688 2377 797 2434 Latinis
811 2377 1015 2452 Romanisque,
1032 2391 1062 2436 ut
1075 2399 1111 2438 ex

125 2471 150 2510 ἥ
160 2462 235 2522 birris
249 2458 374 2534 singulos
389 2457 502 2523 faceret,
538 2457 681 2530 binosque*
692 2476 726 2514 ex
748 2457 885 2532 siugulis:
908 2458 946 2514 ita
959 2457 1110 2534 geminatis

158 2537 311 2616 manipulis
325 2537 504 2594 centuriones
517 2535 658 2612 impos'uit.
688 2547 690 2551 “
729 2547 730 2552 ’

200 2695 283 2756 LIII.
304 2694 379 2762 Nec,
394 2705 425 2751 ut
446 2693 565 2769 injustus
587 2694 615 2750 in
636 2693 706 2769 pace
721 2713 778 2766 rex,
800 2692 838 2750 ito
852 2695 909 2750 dux
926 2694 989 2750 belli
1010 2713 1112 2769 pravus

160 2776 233 2836 suit:
253 2775 320 2850 qriin
335 2775 367 2830 ei
382 2785 440 2830 orte
455 2776 597 2846 nequisset
614 2773 769 2847 superiores
792 2791 881 2847 regen
904 2774 934 2829 ni
956 2773 1110 2848 degenera-

160 2867 221 2914 tum
237 2854 264 2912 in
279 2853 340 2910 aiiis
351 2853 417 2910 huic
431 2870 540 2928 quoque
554 2851 648 2917 decori
672 2851 820 2908 offecisset.
862 2850 891 2906 Is
914 2851 1021 2926 primus
1047 2851 1112 2908 Vol-

127 2935 219 2995 msnis
233 2932 336 2990 bellum
357 2931 384 2988 iu
410 2929 547 2988 ducentos
571 2929 697 3006 amplius
711 2941 773 3006 post
797 2949 875 2986 suam
898 2941 1008 2986 aetatem
1023 2949 1111 2989 anuos

164 3013 269 3086 morit3
292 3012 479 3084 Suessamque
494 3008 648 3066 Pometiam
673 3027 709 3064 ex
735 3009 777 3064 his
792 3009 817 3064 vi
830 3009 922 3082 cepit:
953 3007 1000 3064 ubi
1025 3027 1110 3084 quum

162 3089 316 3152 dividendi
330 3089 421 3164 predi
442 3087 648 3164 quadringenta
668 3087 773 3144 tul'enta
797 3087 905 3164 argenti
930 3087 1055 3162 aurique·
1069 3109 1111 3145 re·

163 3171 293 3239 fecissem
315 3167 445 3242 concepit
469 3167 563 3234 auimo
583 3185 648 3242 eanr-
669 3165 881 3240 amplitudinem
903 3165 980 3222 Iovis
1005 3167 1110 3244 templi,

162 3267 226 3332 quae
239 3248 327 3326 digna
341 3247 434 3316 Deirm
449 3245 649 3324 hominumque
669 3263 744 3320 rege¹
759 3263 821 3322 quae
836 3243 970 3302 Romano
983 3245 1110 3322 imperio,

129 3341 226 3403 aequae
239 3325 326 3402 ipsius
337 3327 421 3383 etiam
433 3323 487 3380 loci
511 3321 654 3398 majestate
668 3335 750 3380 esset.
791 3323 937 3396 Captivam
961 3325 1109 3400 pecuniam

165 3403 422 3470 irr'aedificationem
438 3403 498 3478 ejus
512 3399 608 3476 tempii
622 3401 752 3481 seposuit.
794 3399 915 3477 Excepit
928 3403 1031 3474 deinde
1045 3423 1109 3460 eum

155 3486 269 3562 ‚lentius
281 3503 330 3559 spe
344 3483 458 3554 bellum,
472 3501 526 3556 quo
539 3479 653 3550 Gabios,
678 3479 859 3562 propinquam
874 3483 981 3548 urbem,
996 3481 1111 3556 nequid·

164 3583 249 3639 quarn
263 3563 288 3620 ri
303 3563 424 3628 adortus,
438 3579 523 3636 quum
547 3559 694 3632 obsidendi
718 3557 827 3636 quoqne
839 3559 935 3633 urbem
949 3554 1012 3636 spes
1030 3559 1110 3634 pulso

155 3647 158 3654 ’
196 3642 335 3714 moenibus
349 3641 478 3716 adempta
491 3650 574 3704 esset,
599 3637 737 3715 postremo
761 3635 875 3696 minime
895 3642 953 3716 e'rte
968 3637 1108 3709 Romami,

133 3663 263 3789 w'ireude
277 3740 311 3778 nc
324 3719 396 3786 dolo,
411 3737 558 3794 aggressus
571 3728 613 3790 est
624 3741 643 3790 34
657 3737 721 3774 narn
733 3737 828 3792 quum,
841 3718 915 3774 reiut
925 3715 1014 3790 posito
1028 3715 1109 3790 bello,

166 3795 615 3933 andamentistempiigeciendis
639 3797 754 3872 aliisque
778 3797 892 3880 urbanis
915 3793 1045 3875 operibus
1068 3795 1111 3854 iu·
