2648 4338
463 349 568 402 LIBER
583 347 655 402 XXI.
669 429 671 436 Α
687 365 751 406 ou.
761 365 799 404 rr.
1052 349 1110 414 167

150 493 284 576 ancipitis
297 495 447 556 sententia
459 496 490 558 iu
504 516 535 556 se
548 513 659 556 omnes·
671 495 866 564 convertisset,
887 497 906 534 “
918 493 1032 558 Illorum
1044 509 1110 564 reta·

111 633 115 642 ,
141 572 244 652 ,“ῑίε,”
260 577 395 653 inquit,“
407 576 579 650 Hasdrubal,
593 595 677 652 quem
693 575 752 654 ipse
775 575 846 654 patri
868 573 1040 636 Hannibalis
1054 577 1111 635 sru-

150 657 430 733 “endumprrebuit,
441 655 517 736 justo
528 655 590 734 jure
605 675 671 716 eum
686 675 704 714 a
724 655 782 715 filio
805 656 894 732 repeti
915 667 1030 715 censet:
1058 675 1111 716 nos

149 736 169 770 “
179 751 275 802 tamen
290 736 406 795 minime
420 737 517 809 decet,
525 735 703 812 juventutem
727 747 850 794 nostram
875 754 925 813 pro
938 736 1051 816 militari
1065 755 1112 794 ru·

129 816 306 874 ⁵“dimento
320 815 498 874 assuefacere
511 815 623 873 libidini
638 826 798 892 praetorum.
840 815 886 873 An
903 816 957 874 lroc
968 815 1111 888 timemus,
1153 861 1154 868 ,

149 893 219 954 ‘sne
229 895 402 954 Hamilcaris
416 895 491 953 lilius
504 894 589 958 nimis
603 893 665 964 serti
689 895 807 972 imperia
825 894 978 954 immodica
990 906 1019 953 et
1030 895 1112 972 regui

149 975 288 1052 “paterni
303 975 427 1052 speciem
441 975 556 1040 videatl
586 985 623 1046 et,
638 974 720 1052 cujus
733 975 808 1051 regis
818 993 928 1051 genero
942 975 1115 1033 haereditarii*

149 1054 235 1126 ‘faint
248 1054 340 1112 rolicti
353 1053 608 1122 exercitusnoitri,
617 1053 685 1132 ejus
703 1053 761 1113 lilio
774 1073 874 1130 parum
884 1057 996 1112 mature
1010 1054 1114 1112 sertia·

149 1134 265 1194 “musi
305 1133 377 1212 Ego,
392 1135 476 1192 istum
488 1131 622 1210 juvenem
636 1134 713 1192 domi
734 1133 901 1201 tenendum,
926 1135 980 1191 sub
992 1133 1113 1211 legibus,
1183 1163 1187 1180 ι

119 1223 141 1262 ¹⁰
150 1219 169 1253 ‘⁴
178 1215 233 1274 sub
247 1213 457 1290 magistratibus
465 1213 632 1294 docendum
654 1214 748 1271 vivere
769 1233 859 1289 aequo,
868 1212 932 1290 jure
950 1231 1017 1271 cum
1031 1225 1115 1272 cete·
1139 1241 1145 1258 ·
1180 1225 1183 1232 ’

132 1341 134 1352 ,
149 1299 168 1332 “
177 1296 227 1367 ris,
242 1279 363 1352 denseo:
391 1313 428 1352 ne
442 1293 610 1374 quandoque
624 1311 727 1369 parvus
740 1293 788 1352 hic
802 1293 877 1370 ignis
890 1292 1058 1352 incendium
1071 1293 1116 1358 in-

149 1372 453 1454 “gensexsrisoitet.”'
495 1395 501 1414 ι
946 1395 948 1408 ·
1028 1381 1030 1390 ’

181 1533 244 1592 iv.
264 1523 365 1606 Pauci,
379 1551 414 1592 ac
428 1528 516 1590 ferme
530 1521 664 1609 optimus
674 1522 802 1608 qriisque,
822 1527 959 1602 Hannoni
981 1531 1117 1590 assentie-

150 1615 273 1682 bantur:
294 1614 345 1690 sed
359 1611 405 1689 (ut
418 1611 583 1690 plerumque
605 1609 650 1690 fit)
676 1612 764 1690 major
787 1631 854 1690 para
877 1612 1023 1670 meliorem
1036 1611 1115 1670 vicit.

119 1693 258 1754 amissus
283 1691 474 1752 Hannibatin
493 1690 665 1768 Hispaniam
686 1693 778 1768 primo
801 1691 895 1750 statim
920 1691 1044 1768 adventu
1057 1711 1117 1750 om·

151 1767 217 1834 nem
232 1772 390 1830 exercitum
404 1772 434 1830 in
448 1790 479 1829 se
493 1771 641 1829 convertit
676 1770 879 1841 'Hamilcarem
898 1771 1033 1850 juvenem
1052 1771 1117 1829 red'-

150 1855 242 1926 ditum
256 1852 310 1910 sibi
323 1863 432 1910 veteres
446 1850 553 1908 milites.
563 1851 696 1920 credere;
726 1851 858 1909 eumdem
873 1850 997 1928 vigorem
1012 1851 1041 1908 in
1056 1851 1117 1908 vul-

150 1947 190 2002 tu,
205 1933 318 2007 vimque
342 1932 371 1990 in
385 1929 486 1998 oculis,
506 1929 634 1987 habitum
647 1931 713 2002 oris,
739 1931 968 2004 lineamentaque
990 1930 1115 1988 intueri:

150 2014 217 2070 dein
232 2011 310 2070 brevi
323 2009 429 2078 effecit,
454 2021 485 2066 ut
507 2020 587 2084 pater
612 2009 642 2080 in
666 2029 697 2068 se
721 2005 871 2067 minimum
890 2020 1065 2067 momentum
1080 2010 1116 2088 ad

116 2091 275 2154 ”savorem
289 2089 502 2149 conciliandum
513 2099 600 2146 esset.
631 2087 798 2165 ¹Nunquam
823 2088 971 2166 ingenium
988 2085 1064 2158 idern
1079 2089 1115 2146 ad

150 2170 434 2236 res·diversissimas‚
461 2167 618 2245 parendum
647 2179 740 2244 atque'
757 2168 965 2245 imperandum,¹
994 2168 1117 2227 habilius

150 2251 223 2320 luit3
245 2251 339 2325 itaque
354 2248 429 2306 haud
444 2245 528 2314 facile
543 2247 724 2322 decerneres,-
738 2247 832 2306 utrim
844 2248 1015 2325 imperatori,
1025 2267 1061 2305 an
1070 2264 1119 2306 ex·

150 2330 264 2398 ercitui','
287 2328 378 2388 carior
399 2338 503 2396 esseta
528 2331 622 2402 neque
650 2323 812 2386 Hasdrubal
839 2328 924 2386 alium
946 2345 1116 2404 quemquam

150 2409 296 2488 praeficere
310 2407 404 2476 malle,
415 2407 467 2468 nbi
481 2407 551 2482 quid
563 2405 671 2466 sortiter
686 2427 720 2466 ac
734 2403 848 2466 strenue
863 2407 1007 2486 agendum
1022 2419 1116 2478 esset3

116 2497 244 2566 “neque
258 2487 362 2546 milites
375 2487 431 2546 alio
444 2487 518 2573 dqoe
543 2485 607 2562 plaia
621 2487 775 2562 confidere,
799 2499 847 2546 aut
867 2488 988 2554 audere„
1027 2486 1119 2546 Pluri-

152 2589 230 2638 mum
245 2567 373 2626 audacie
387 2567 423 2624 ad
437 2565 563 2643 pericula
576 2568 762 2643 capessenda,
782 2568 933 2646 plurimum
948 2566 1060 2626 consilii
1074 2567 1118 2624 in·

152 2664 194 2708 ter
208 2643 270 2725 ip'sa
283 2647 410 2724 pericula
422 2645 499 2722 erati
518 2645 708 2706 nullolabore
732 2658 781 2708 aut
802 2667 905 2725 corpus
927 2645 1050 2730 fatigari,
1065 2655 1115 2704 aut

152 2729 266 2788 animus
293 2726 369 2784 vinci
393 2736 511 2802 poterat.
564 2726 677 2788 Caloris
701 2727 867 2804 anfrigoris
887 2725 1026 2803 patientia
1046 2744 1116 2802 par:

152 2807 210 2867 cibi
225 2807 402 2885 potionisque
411 2805 551 2864 desiderio
566 2805 696 2878 naturali,
711 2825 768 2864 non
781 2803 1119 2882 volupute,‘modusflni-
1141 2843 1143 2846 -

118 2895 144 2938 ³⁰
152 2899 216 2947 tus:
231 2885 390 2964 vigiliarum
401 2885 549 2960 somnique
558 2903 613 2942 nec
621 2884 668 2941 die
679 2903 735 2942 neo
746 2896 831 2943 noste
841 2885 1037 2944 discriminata
1046 2895 1119 2944 tem-

153 2987 230 3046 pora.
252 2965 297 3034 ld,
306 2965 380 3042 quod
389 2965 522 3042 gerendis
531 2964 615 3022 rebus
623 2976 792 3040 superesset,
801 2964 888 3040 quieti
899 2963 1060 3022 datumr‘ea
1068 2983 1119 3023 ne-

127 3115 129 3120 .
153 3067 208 3123 que
219 3039 402 3116 mollijsuato,
417 3047 508 3119 neque
515 3043 630 3102 silentio
641 3043 790 3104 arcessita:
808 3039 989 3118 -Multis'aepe
1004 3043 1118 3104 militari

154 3127 256 3202 sagulo
266 3136 405 3202 opertum,
421 3123 499 3190 humi
521 3123 665 3200 jacentem
680 3123 753 3180 inte'r
767 3123 911 3192 custodias
925 3122 1118 3202 stationesque

155 3207 286 3276 militum,
301 3211 517 3279 conspexerunt.
530 3208 535 3283 J
560 3201 691 3260 Vestitus
701 3201 772 3263 nibil
786 3203 859 3260 inter
880 3201 1001 3278 aequa'les
1024 3205 1120 3263 excel·

120 3291 147 3334 ὅ
155 3285 236 3346 lens:
255 3301 334 3354 arma
342 3294 424 3358 atque
433 3282 497 3357 equi
506 3279 776 3358 conspiciebantur.·
788 3281 923 3357 Equitum
934 3281 1119 3360 peditumque

156 3365 233 3424 idem
244 3361 330 3442 longe
344 3361 451 3438 primur
462 3367 543 3438 erat:
564 3359 698 3437 princeps
713 3359 742 3419 in
756 3362 885 3438 proelium
898 3361 977 3420 ibat:
1003 3363 1118 3422 ultimus

156 3454 288 3504 conserto
301 3441 400 3520 proelio
412 3439 580 3498 excedebat.
602 3463 606 3476 ¹
622 3436 685 3510 Has
699 3452 792 3514 tantas
806 3441 856 3499 viri
879 3441 995 3500 virtutes
1019 3443 1131 3518 ingen-*¹

156 3523 197 3582 tia
224 3522 291 3581 vitia
320 3509 492 3598 aequabant3
525 3519 682 3588 inhumana
714 3517 875 3593 crudelitas,
905 3521 1024 3600 perfidia
1055 3520 1131 3600 plrls¹

156 3603 242 3680 quam
256 3601 377 3671 Punica,
392 3600 462 3660 nihil
476 3600 545 3675 reri,
569 3599 640 3659 nihil
662 3600 763 3676 sancti,
785 3599 881 3660 nullus
904 3601 997 3661 Derim
1012 3610 1116 3669 metas,

122 3681 270 3742 sonullum
287 3681 497 3758 jusjurandum,
515 3679 596 3740 nulla
614 3680 722 3760 religiq.
763 3681 850 3740 'Cum
871 3682 927 3740 hac
947 3677 1043 3739 indole
1063 3677 1118 3737 vir·

157 3774 250 3822 tutum
264 3771 349 3837 atque
369 3761 500 3820 duorum
524 3760 650 3820 triennio
673 3761 727 3820 sub
749 3761 929 3822 Hasdrubale
949 3758 1119 3834 imperatore

156 3842 274 3910 merua,
288 3839 367 3898 nulli
379 3859 420 3933 re,
433 3859 497 3917 quae
510 3839 622 3920 agenda
634 3842 811 3920 videndaque
825 3858 929 3919 magam
943 3837 1038 3899 futuro
1049 3837 1118 3900 duci
1211 3916 1218 3929 Ι

93 4020 100 4036 .
142 3919 457 3998 ,marcemus
