2642 4338
212 345 253 412 u
383 333 458 380 Ἣ
605 343 674 394 τιτι
690 337 774 396 ιιιιι

211 488 339 548 “tricem
354 481 520 564 percontari,
533 486 600 563 qnid
614 487 668 546 hoc
682 487 722 546 rei
742 488 798 558 sit3
831 497 871 560 ut,
891 475 916 546 li
930 487 998 546 salso
1011 497 1089 566 pater
1101 489 1163 552 dio·

212 572 284 628 “tus
304 585 377 638 sum,
398 567 518 641 equiore
545 566 613 624 binc
633 567 920 642 animodiscedamff'
973 567 1045 626 Data
1067 571 1160 638 tenid,

212 647 323 706 seducit
336 646 420 704 filiam
434 663 469 702 ac
482 645 622 703 nutricem
642 665 726 726 prope
740 645 884 705 Cloacinae
898 637 933 704 ad
946 647 1085 716 tabernas,
1099 650 1161 724 qui·

212 727 265 785 bus
279 741 356 784 nunc
368 724 458 782 Novis
471 736 514 782 est
525 744 646 782 nomeu:
676 736 762 800 atque
772 726 811 783 ibi
825 726 860 783 ab
875 726 952 784 lanio
966 727 1059 798 cultro,
1068 743 1161 804 arrep-

211 817 249 879 to,
263 809 281 842 “
293 801 358 862 Hoc
372 821 399 862 te
414 823 480 869 rruo,
495 823 552 880 quo
573 805 716 879 possum,'’
744 805 791 876 ait,
817 805 1019 874 “morantia
1034 805 1063 864 in
1077 807 1160 864 liber·
1181 825 1195 864 s

210 887 325 944 “tatem
347 883 487 950 vindico?
526 883 643 946 ¹Pectus
669 883 773 942 deinde
802 884 902 961 puellae
930 881 1095 962 transfigit-i¹
1118 905 1161 944 re·

209 976 395 1044 spectansque
416 963 451 1020 ad
471 962 604 1030 tribunal,
624 966 642 998 “
655 962 731 1031 Te‚'’
758 963 856 1039 iuquit,
886 967 905 999 “
919 964 1006 1040 Appi,
1025 959 1160 1040 tuumque

209 1047 227 1082 ‘¹
238 1055 323 1120 caput
348 1041 500 1118 sanguine.
511 1043 566 1100 hoc
585 1042 749 1114 cousecr0.”
800 1043 931 1112 Clamore¹
956 1045 992 1102 ad
1012 1053 1069 1100 tam
1082 1055 1176 1112 atrox¹

209 1124 322 1182 lacinus
333 1119 394 1180 o'rto
407 1122 517 1178 excitus
529 1121 649 1196 Appius,
674 1123 875 1197 comprehendi
890 1123 1051 1200 virginium
1062 1122 1159 1199 jubet:

209 1203 255 1260 illa
270 1202 352 1280 ferro,
365 1201 543 1276 qudcumque
558 1200 624 1270 ibat,
639 1201 712 1258 viam
727 1202 820 1259 facere
832 1222 847 1272 ς,
865 1201 966 1275 donec,
980 1197 1195 1262 multitudinem

208 1283 293 1340 etiam
315 1279 546 1362 prosequentium·
563 1289 669 1352 tuente,
694 1281 730 1338 ad
748 1277 864 1356 ¹portam
889 1283 1019 1358 perrexit
1035 1287 1041 1314 ·'
1061 1281 1160 1360 Icilius

208 1360 441 1434 Numitoriusque
455 1377 601 1434 exsangue
614 1377 716 1435 corpus
729 1353 870 1430 s‘ublatum
883 1371 1026 1418 ostentant
1040 1361 1160 1436 populo:

208 1440 301 1498 scelus
315 1438 410 1515 Appii,
425 1438 525 1513 puellae
540 1437 688 1496 ‘infelicem
708 1439 836 1513 formam,
856 1439 1064 1514 necessitatem.
1074 1440 1160 1514 patris

209 1520 364 1594 deplorant.
405 1518 562 1592 sequentes
582 1517 727 1576 clamitant
740 1529 883 1586 matrona,
906 1526 924 1556 ‘⁶
936 1518 1048 1576 Eamne
1060 1517 1160 1576 libero-

208 1603 227 1634 “
240 1617 301 1656 rum
324 1593 560 1671 procreandorum
581 1596 795 1654 conditioneml
823 1615 859 1654 ea
878 1597 1025 1672 pudicitie
1045 1597 1195 1672 praemiars

208 1681 227 1714 “
238 1696 300 1734 esse
312 1679 323 1732 l
334 1675 349 1702 '³
371 1685 537 1751 caeteraque,
552 1693 614 1750 quta
634 1675 664 1732 in
677 1675 726 1732 tali
746 1677 780 1732 re‘
789 1675 936 1734 muliebris
947 1676 1035 1748 dolor,
1048 1674 1103 1750 qud
1117 1688 1160 1734 est

208 1755 332 1814 maestior
345 1753 487 1818 imbecillo
500 1754 604 1824 auimo,
629 1753 662 1810 ed
674 1765 677 1771 ’
687 1755 855 1812 miserabilia
875 1755 966 1831 tnagis
978 1755 1161 1830 querentibus
1198 1789 1199 1802 ι
1305 1791 1306 1810 r

208 1834 330 1912 subjicit
382 1833 523 1910 Virorum,
548 1845 577 1890 et
593 1833 718 1892 maxime
729 1893 732 1900 ,
743 1833 833 1906 Icilii,
851 1853 907 1910 run¹
919 1845 986 1906 tota,
1000 1833 1160 1912 tribunicio

208 1912 352 1992 potestatis
365 1931 399 1970 ac
412 1912 619 1987 provocationis
632 1913 667 1982 ad
691 1913 824 1989 populum
845 1924 958 1989 erepte,
972 1913 1161 1994 publicarum-

208 2011 262 2070 que
275 1991 512 2068 indignationum,
526 2003 595 2050 erat.
789 2037 793 2046 2
1019 1997 1039 2052 ³,
1168 2009 1196 2050 an

247 2149 359 2210 XLIX.
388 2149 554 2208 concitatur
580 2149 728 2210 multitudo
748 2150 847 2226 partim
868 2150 1012 2208 atrocitate
1033 2149 1159 2219 sceleris,

208 2231 308 2308 partim
329 2245 378 2305 spe
398 2247 447 2304 pcr
466 2229 647 2287 occasionem
670 2230 830 2304 repetendas
849 2229 993 2294 libertatis.
1048 2230 1160 2305 Appius

208 2327 286 2367 nunc
299 2307 392 2366 vocari
417 2307 540 2380 Icilium,
561 2327 639 2366 nunc
654 2305 852 2368 retractantem
872 2309 972 2384 arripi;
1008 2307 1160 2384 postremo,

207 2407 294 2464 quum
307 2385 393 2444 'locus
416 2386 539 2444 adeundi
563 2387 766 2464 apparitoribus
785 2405 842 2444 non
856 2387 978 2454 daretur,¹
1000 2387 1072 2462 ipse,
1093 2397 1167 2446 cum'
1299 2431 1306 2458 .,

208 2466 322 2543 agmine
334 2465 515 2542 patriciorum
526 2466 661 2541 juvenum
675 2485 724 2542 per
744 2466 853 2523 turbam
869 2467 989 2538 uadens,
1004 2467 1033 2523 iu
1048 2467 1195 2526 vinculass
1298 2461 1306 2526 ,Ῐ

133 2613 137 2621 ,
208 2545 274 2603 duci
293 2545 381 2622 jubet.
434 2543 500 2600 lam
523 2542 601 2602 circa
620 2544 732 2602 Icilium
747 2563 803 2602 non
822 2545 915 2603 solum
929 2545 1088 2612 multitudo,
1110 2547 1160 2604 ced

208 2627 300 2686 duces
309 2630 419 2700 quoque
434 2623 624 2688 multitudinis
634 2635 716 2684 erant
729 2623 761 2680 L.
777 2623 907 2688 Valerius
920 2635 949 2682 et
963 2623 1003 2682 M.
1014 2624 1159 2692 Horatius,

208 2705 266 2782 qui,
279 2703 392 2780 repulso
413 2703 520 2776 lictore,
541 2703 565 2760 si
588 2702 651 2778 jure
675 2713 780 2778 ageret,
802 2702 946 2760 vindicare
966 2722 997 2760 se
1017 2723 1034 2760 a
1054 2704 1161 2780 privato

208 2783 323 2842 Icilium
347 2782 479 2850 aiebant3
513 2778 536 2840 si
557 2782 617 2850 vim,
634 2781 733 2839 afferre
753 2793 912 2854 conaretur,
923 2781 984 2862 sibi,
999 2801 1109 2872 quoque
1121 2775 1172 2855 'se

209 2864 285 2920 haud
299 2863 419 2938 imp'ares
433 2861 515 2919 lore·
542 2861 620 2919 Hinc
633 2872 712 2919 atrox
732 2860 792 2928 rixa
804 2861 920 2940 oritus?
940 2861 1086 2918 Valerium
1098 2859 1194 2920 Hom

209 2943 368 3018 ratiumque
382 2941 462 2998 lictor
476 2940 628 3013 decemviri
642 2939 786 3010 invadito,¹
795 2939 962 3020 srarrgunlur
976 2959 993 2998 a
1006 2941 1160 3006 multitudi-

209 3039 246 3077 ne
272 3021 373 3078 fasces.
425 3019 459 3076 Ιιι
480 3019 647 3077 concionem
676 3018 972 3096 Appiusfadscendit:
1006 3032 1161 3096 sequuntur

210 3097 345 3156 Horatius
366 3098 571 3173 Valeriusque:
605 3117 653 3154 eos
678 3087 901 3158 concio'uudit:
934 3098 1094 3160 decemviro
1113 3099 1162 3156 ob
1207 3103 1214 3116 ⁶

210 3177 361 3252 strepltur„
403 3177 467 3234 dnm
489 3196 538 3252 pro
559 3176 675 3252 imperio
703 3175 832 3234 Valerius
852 3155 1002 3239 discedere
1019 3196 1036 3233 a
1055 3177 1162 3252 privato
1291 3226 1296 3254 ,

160 3264 163 3273 '
210 3255 323 3314 lictores
341 3256 474 3331 jubebat3
495 3253 591 3333 quum,
606 3255 701 3328 frpctis
715 3255 825 3326 animis,
846 3257 966 3332 Appius,
989 3255 1052 3312 nitae
1070 3258 1196 3318 metu-'us
1286 3315 1288 3330 ,

204 3344 271 3402 “aua
285 3333 314 3390 in
328 3334 444 3398 domum
457 3354 488 3392 se
501 3335 683 3410 propinquam
699 3331 767 3408 soro,
788 3334 886 3392 insciis
899 3330 1072 3406 adversariis,
1085 3334 1163 3410 capi·
1286 3337 1289 3351 '

211 3425 240 3472 te
252 3411 392 3491 obvoluto,
406 3414 521 3489 recepit.
563 3411 611 3488 Sp.
625 3413 745 3491 Oppius,
769 3426 800 3474 ut
815 3413 926 3482 ‚auxilio
947 3411 1062 3486 college
1075 3425 1161 3481 esset,

212 3493 242 3552 in
257 3492 345 3550 lorum
356 3509 394 3550 ex
408 3492 493 3548 attera
507 3504 585 3568 parte
599 3492 743 3564 irrumpit:
764 3491 839 3548 videt
850 3487 996 3566 imperium
1008 3491 1034 3546 vi
1046 3489 1161 3550 rictum.

213 3571 346 3648 Agitatus
359 3569 462 3641 deinde
481 3563 614 3640 consiliis,
636 3580 718 3643 atque
732 3587 768 3625 ex
786 3570 863 3626 omni
883 3581 960 3646 parte
977 3571 1162 3630 assentiendo

213 3650 310 3708 multis
323 3649 483 3706 auctoribus
496 3649 629 3736 trepidus,
653 3657 781 3707 senatum
805 3646 943 3724 postremo
957 3649 1056 3708 vocari·
1070 3649 1160 3726 jussit.
1171 3671 1197 3710 ιο

215 3729 326 3796 Euros,
349 3727 422 3804 quaid
444 3746 554 3804 magne
576 3727 648 3802 parti
674 3727 785 3786 Petrum
806 3727 954 3802 displicere
975 3740 1038 3788 acta
1051 3729 1163 3800 decem·

214 3808 342 3866 virorum¹
357 3807 530 3878 videbantur,
555 3826 604 3882 spe
623 3825 673 3888 per
690 3817 826 3864 senatum
854 3807 985 3888 liniendae
1018 3807 1164 3887 potcstatis
