2648 4340
487 321 593 378 LIBER
608 323 629 374 1.
661 338 723 376 cur.
739 337 805 374 nvn.
1080 321 1120 384 53

160 465 265 527 abnuit
278 473 456 544 cognomeu3
482 477 522 540 ut,
536 467 589 526 sub
609 467 670 545 ejus
688 467 806 540 obtentu
819 463 1006 544 cognominis,
1019 463 1121 526 libera·

161 556 206 606 tor
226 545 275 604 ille
296 547 392 626 populi
413 545 537 606 Romani
558 547 670 606 animus
690 547 781 604 latens
800 546 975 624 opperiretur
994 555 1121 621 tempora

160 645 223 684 sua
280 625 308 682 Is
333 639 394 684 tum
426 625 461 683 ab
487 625 652 702 Tarquiniis
678 625 780 684 ductus
806 625 941 702 Delphos,
968 623 1120 682 ludibrium

160 705 273 776 velius,
298 706 383 781 quim
410 725 516 774 comes,
544 725 662 764 aureum
682 705 826 775 baculum,
854 703 995 764 inclusum
1016 722 1121 762 corneo

135 793 266 843 scarato
291 785 327 842 ad
355 784 383 842 id
410 784 522 856 baculo,
541 785 641 858 tulisse
662 785 768 844 donum
789 784 915 861 Apollini
936 783 1049 854 dicitur,
1071 801 1121 859 per

161 864 299 940 ambages
312 860 435 940 effigiem
449 863 558 940 ingenii
580 863 648 925 sui„
672 861 743 926 Quo
764 874 910 941 postquam
931 874 1045 921 rentum
1067 871 1120 930 est,

160 943 298 1018 perfectis
310 943 397 1018 patris
420 943 571 1016 mandatis,
592 943 698 1020 cupido
716 941 836 1001 incessit
858 943 966 1000 animos
984 942 1121 1019 juvenum

161 1022 340 1090 sciscitandi,
362 1023 397 1081 ad
418 1041 503 1098 quem
517 1041 614 1092 eorum
628 1015 747 1102 reguum
768 1021 934 1082 Romanum
959 1032 1035 1079 esset
1056 1040 1122 1078 ven·

160 1111 268 1159 turum.
308 1099 354 1160 Ex
379 1102 489 1160 inlimo'
503 1121 590 1178 specu
603 1121 712 1174 ‘vocem
724 1101 872 1166 redditam
887 1099 997 1158 ferunt:
1037 1103 1056 1136 “
1065 1100 1122 1158 lm·

25 1176 34 1206 *¹
125 1182 180 1234 ro“
191 1181 303 1260 perium
330 1200 472 1251 summum
495 1181 595 1259 Rumpe
623 1181 749 1255 habebit,
776 1180 824 1258 qui
852 1179 978 1238 restrdm
1004 1179 1121 1258 primus,

160 1261 351 1337 “ojureneq
365 1261 493 1318 osculum
518 1255 735 1318 matri'tuleric”
773 1259 938 1336 Tarquinii,
952 1270 984 1318 ut
1005 1261 1120 1327 Sextus,

160 1339 216 1416 qui
234 1340 336 1398 Rornae
361 1339 475 1408 relictus
498 1340 597 1416 luerat¹
611 1340 727 1417 ignarus
744 1333 873 1416 responsi
894 1357 1049 1414 expersque
1070 1339 1122 1396 im·

159 1419 234 1496 perii
261 1425 344 1488 esset,
366 1438 426 1478 rem
452 1423 562 1476 summi
582 1439 635 1496 ope
656 1419 743 1487 taceri
761 1417 878 1496 jubeut;
913 1417 966 1494 ipsi
986 1417 1059 1474 inter
1080 1437 1121 1486 se,

160 1510 226 1562 uter
250 1498 334 1574 prior,
355 1517 441 1574 quum
462 1499 757 1567 Romamredissent,
780 1498 861 1556 matri
881 1497 1011 1556 osculum
1032 1497 1121 1570 daret,

127 1578 231 1636 1⁵sorti
245 1577 420 1654 permittunt.
461 1577 575 1650 Brutus,
597 1575 651 1635 alib
673 1590 750 1636 ratus
771 1589 898 1654 spectare
914 1575 1063 1652 Pythicam
1078 1595 1123 1634 vo-

161 1676 238 1730 cem,
260 1657 336 1714 velut
358 1657 382 1714 si
402 1657 547 1734 prolapsus
561 1657 721 1728 cecidisset,
744 1668 847 1716 terram
868 1657 966 1714 osculo
984 1656 1121 1732 contigit:

160 1736 284 1810 scilicet,
305 1735 380 1812 qubd
393 1755 428 1794 ea
441 1736 601 1794 communis
622 1748 711 1794 mater
724 1737 851 1796 omnium
865 1735 1023 1794 mortalium
1038 1745 1121 1794 esset.

159 1815 301 1882 Reditum
316 1816 383 1874 iude
397 1815 531 1884 Romam,
547 1816 595 1874 ubi
609 1816 743 1876 adversus
754 1815 880 1874 Rutulos
891 1815 996 1872 bellum
1011 1814 1123 1873 summit

160 1895 189 1953 vi
203 1895 364 1972 parabatur.
534 1909 537 1918 “

25 2029 27 2072 2
127 2060 152 2100 ὓ]
202 2053 298 2112 LVll.
320 2053 445 2111 Ardeam
461 2053 561 2114 Rutuli
582 2053 735 2128 habebant,
757 2071 828 2130 gens
852 2053 895 2131 (ut
915 2051 944 2110 in
959 2051 993 2109 eri
1007 2051 1123 2130 regione

161 2144 248 2210 atque
270 2133 348 2190 inei
371 2135 467 2212 aetate)
492 2133 597 2191 divitiis
621 2133 806 2210 praepollens:
840 2150 929 2207 eaque
951 2129 1012 2208 ipsa
1036 2149 1125 2190 causa

160 2213 229 2270 belli
249 2210 311 2280 fuit,
334 2211 409 2287 qudd
432 2231 482 2270 rex
508 2213 659 2270 Romanus
679 2225 739 2271 tum
754 2212 826 2288 'ipse
852 2209 946 2284 ditari,
969 2210 1124 2268 exhaustus

160 2291 377 2377 magnificentiis
390 2293 566 2368 publicorum
580 2288 706 2369 operuin,
721 2301 779 2349 tum
795 2290 1023 2368 praedaideleuire
1037 2309 1123 2366 popu·

161 2371 263 2430 larium
291 2371 401 2428 animos
427 2371 576 2442 studebat3
609 2384 710 2448 preter
736 2359 820 2428 iliam
847 2369 1008 2448 superbiam
1035 2389 1124 2447 regno

127 2451 281 2510 sinfestos
304 2451 400 2518 etiam,
425 2449 499 2526 qudd
522 2470 551 2508 se
566 2451 595 2510 in
619 2451 759 2508 labrorum
781 2449 945 2508 ministeriis
971 2469 1006 2506 ac
1030 2449 1123 2507 servili

162 2531 273 2588 tamdiu
288 2529 398 2588 habitos
408 2549 492 2606 opere
514 2529 550 2587 ab
574 2550 640 2606 rege
662 2530 891 2606 indignabantur.
933 2527 1059 2586 Tentata
1079 2547 1124 2586 res

164 2622 218 2676 est,
234 2609 257 2666 si
273 2609 363 2684 primo
382 2609 487 2686 impetu
509 2609 571 2686 capi
595 2611 693 2666 Ardea
706 2619 815 2686 posset:
844 2608 935 2672 ubiid
949 2627 1047 2683 parum
1061 2626 1124 2682 pro·

164 2689 262 2756 cessit,
286 2688 434 2746 obsidione
458 2689 717 2764 munitionibusque
731 2688 816 2763 coepti
831 2687 920 2763 premi
942 2688 1046 2744 hostes.
1088 2685 1123 2743 In

161 2767 196 2826 iis
210 2768 326 2838 stativis,
348 2769 379 2825 u't
393 2767 423 2824 fit
444 2767 528 2844 longo
549 2769 639 2843 magis
660 2769 744 2842 quim
768 2767 826 2824 acri
848 2765 931 2840 bello,
953 2765 1020 2824 satis
1041 2764 1123 2824 liberi

127 2853 152 2895 ³⁰
161 2859 339 2904 commeatus
353 2859 450 2904 erant:
481 2847 649 2922 primoribus
666 2859 760 2904 tamen
775 2845 866 2924 magis
878 2845 963 2920 quitur
977 2844 1122 2902 militibus.

162 2927 252 3004 Regii
267 2927 380 3001 quidem
391 2927 511 3002 juvenes
532 2925 673 2984 interdum
698 2925 787 2984 otium
808 2924 944 2982 conviviis
968 2923 1123 2986 comissati-

161 3007 321 3081 onibusque
337 3006 409 3064 iuter
423 3025 454 3064 se
468 3005 616 3088 terebant:
647 3005 717 3064 sorte
731 3004 892 3081 potantibus
906 3003 950 3060 his
963 3004 1037 3079 apud
1052 3005 1122 3062 Serr-

161 3097 223 3142 tum
247 3085 445 3160 Tarquinium,
473 3084 521 3142 ubi
547 3096 575 3144 et
601 3085 759 3144 Collatinus
785 3083 916 3142 coenabat
936 3081 1120 3159 Tarquinius,

162 3163 262 3242 Egerii
285 3165 368 3238 filius,
392 3163 495 3222 incidit
520 3165 557 3222 de
585 3165 719 3224 uxoribus
738 3163 864 3223 mentio:
898 3179 977 3219 suam
1004 3163 1121 3240 quisque

128 3243 279 3302 &laudare
301 3243 379 3303 miris
400 3243 509 3313 modis3
544 3243 610 3301 inde
634 3242 789 3302 certamine
813 3259 945 3314 accenso,
964 3242 1122 3301 Collatinus

163 3336 259 3402 negat,
286 3324 406 3384 “verbis
431 3342 501 3398 opus
525 3341 606 3378 esser
640 3321 737 3397 paucis
760 3321 789 3378 id
810 3320 923 3396 quidem
944 3322 1019 3380 horis
1039 3341 1121 3399 posse

165 3407 184 3438 “
197 3405 273 3476 sciri,
301 3401 435 3480 quentdm
459 3401 569 3458 caeteris
590 3413 702 3478 praestet
726 3399 861 3458 Lucretia
880 3420 939 3460 sua.
979 3401 1072 3469 Quin,
1096 3401 1138 3460 si*

163 3485 274 3561 “vigor
293 3483 416 3560 juvente
444 3481 527 3548 inest,
549 3481 769 3539 conscendimus
795 3499 892 3556 equos,
919 3479 1120 3554 invisimusque

165 3565 349 3640 “presentes
362 3574 520 3620 nostrarum
536 3561 673 3638 ingenial
714 3559 748 3618 Id
769 3560 870 3636 cuique
885 3560 1120 3638 spectatissimum

133 3645 184 3686 ⁴⁰“
197 3643 242 3710 sit,
257 3643 342 3718 quod,
357 3641 527 3717 necopinato
537 3641 588 3698 viri
603 3642 735 3708 adventu,
746 3640 902 3698 occurrerit
914 3637 1031 3698 oculis.’'
1073 3635 1121 3694 In-

165 3721 312 3780 coluerant
326 3721 400 3780 rino.
441 3719 537 3796 “Age
551 3719 651 3792 sand‚'’
673 3739 790 3780 omnes:
811 3718 904 3778 citatis
917 3715 996 3791 equis
1010 3715 1121 3778 avolant

166 3801 300 3860 Romam.
352 3797 421 3863 Qud
441 3817 539 3876 quum,
559 3799 657 3876 primis
690 3819 721 3858 se
747 3795 960 3856 intendentibus
985 3795 1118 3866 tenebris,

473 3877 512 3938 50
