2648 4338
192 323 254 388 ιω
529 347 532 354 ι
598 326 667 378 ιιτι
685 323 769 376 trau

232 467 391 527 XXXVII.
422 465 569 539 Tandem·
577 467 765 544 nequidquam
776 465 912 544 jumentis
926 467 1008 542 atque
1022 463 1144 524 bomini-

192 547 245 604 bus
259 537 394 624 fatigatis,l
416 557 508 603 eastra
531 546 569 602 in
582 545 650 621 jugo
665 546 761 620 positar
783 542 929 621 aegerrime
950 545 1027 602 adid
1048 545 1141 619 ipsam

192 624 255 684 loco
268 636 403 702 purgato:
425 635 533 681 tanturn
545 623 619 680 'nivis
631 623 792 696 fodiendum
804 635 887 698 atque
897 621 1139 698 egerendumluit

192 703 265 772 Inde
279 703 314 760 ad
327 699 631 778 rupem'muaiendam‚
646 720 695 776 per
715 720 798 776 quarn
821 721 906 758 unam
931 701 975 758 via
989 719 1051 758 esse
1064 710 1142 775 pote·

192 792 246 849 rat,
259 781 360 838 milites
373 780 460 850 ducti,
474 798 560 854 quum
574 779 741 837 cedendum
765 791 840 838 esset
862 799 971 851 saxum,
995 778 1145 836 arboribus
1162 791 1176 832 ⁵

191 858 269 918 circi
283 858 452 916 immanibus
472 857 590 934 dejectis
610 857 846 932 detruncatisque,
868 869 974 918 struem
995 857 1141 932 ingentem

192 938 331 1014 lignorum
345 936 452 994 faciunt
464 951 477 1006 ;'
502 953 619 1010 eamque
634 937 735 1013 (quum
748 946 777 993 et
788 936 830 994 vis
842 936 917 994 venti
932 933 1142 1010 apta'faoiendo

191 1017 249 1092 igni
264 1027 360 1072 coorta
371 1015 460 1093 esset)
470 1014 858 1090 succenduntqartlentiaque
871 1013 1046 1072 saxa'inluso
1060 1025 1142 1070 aceto

190 1093 388 1169 putrefaciunt.
429 1091 474 1152 Ita
486 1091 619 1150 torridam
634 1091 767 1150 incendio
788 1111 885 1168 rupem
907 1092 981 1149 ferro
1003 1091 1140 1168 pandunt,

191 1171 372 1246 molliuntque
386 1171 559 1229 anfractibus
578 1171 698 1236 modicis
718 1170 813 1240 clivos,
828 1183 860 1228 ut
878 1189 934 1228 non
951 1170 1182 1246 jumentam-ro

190 1251 261 1322 lum,
273 1244 325 1307 'sed
339 1249 481 1326 elephanti
494 1249 591 1320 etiam3
605 1249 709 1306 deduci
722 1259 844 1324 possent.
866 1253 867 1256 ’
883 1248 1077 1328 Quatriduurn
1088 1247 1143 1306 cir·

190 1347 224 1386 ca
238 1347 335 1411 rupem
350 1339 556 1402 consumptum,
569 1327 704 1403 jumentis
715 1327 801 1402 prope
813 1327 887 1384 same
901 1326 1070 1402 absumptis:
1090 1346 1143 1384 nu·
1198 1371 1199 1378 ,

190 1408 226 1474 ‹la
239 1403 315 1464 enini
330 1405 551 1474 serecacurnino
564 1415 645 1474 sunt;
674 1416 711 1472 et,
726 1405 749 1462 si
762 1405 829 1479 quid
843 1417 886 1464 est
898 1405 1004 1480 pabuli,
1017 1405 1143 1463 obruunt
1315 1397 1316 1470 ἶ

190 1487 279 1544 nives.
330 1484 467 1542 Inferiore
481 1483 566 1540 valles
586 1495 614 1540 et
634 1484 743 1558 apricos
763 1483 903 1558 quosdam¹
919 1483 1005 1548 colles
1025 1483 1147 1550 habent,¹
1228 1535 1233 1544 .
1315 1511 1316 1520 ι

189 1564 317 1639 rivosque
329 1581 416 1638 prope
439 1561 531 1634 silvas,
552 1573 581 1619 et
601 1561 659 1638 jam
680 1561 804 1634 humano
823 1562 903 1620 cultu
923 1561 1052 1638 digniora
1068 1561 1139 1620 loca.
1151 1575 1175 1616 ra

189 1642 233 1700 lbi
257 1643 386 1718 jumenta
412 1639 442 1698 iu
468 1638 602 1715 pabulum
627 1639 721 1707 missa,
743 1652 773 1697 et
791 1639 872 1714 quies
885 1641 1039 1704 muniendo
1059 1640 1145 1699 sessis·

189 1720 350 1778 hominibus
363 1719 429 1776 data
441 1717 534 1776 triduo
545 1737 555 1774 ι
583 1718 650 1775 inde
664 1719 699 1776 a'd
713 1718 829 1794 planum
841 1718 1022 1791 descensum,
1035 1729 1064 1776 et
1081 1718 1141 1795 jam

188 1798 258 1857 locis
272 1797 445 1861 mollioribus
458 1806 488 1854 et
500 1796 659 1855 accolarum
672 1796 806 1878 ingeniis.

226 1953 403 2014 XXXVIII.
438 1953 503 2012 Hoc
517 1951 639 2012 maxime
648 1953 731 2011 modo
744 1953 775 2012 in
788 1953 898 2012 Italiam
912 1954 1077 2030 perventum
1087 1965 1140 2026 est,

187 2035 286 2110 quinto
299 2052 396 2092 mense
411 2051 427 2090 a
441 2033 614 2108 Carthagine
627 2031 708 2090 Novi
724 2031 769 2106 (ut
781 2032 895 2106 quidam
909 2043 1039 2092 auctores
1051 2033 1175 2112 sunt),ao

187 2113 284 2188 quinto
297 2112 409 2170 decimo
421 2111 468 2176 die
482 2111 603 2186 Alpibus
616 2111 763 2186 superatis:
803 2110 1031 2187 Quantaebopiae
1049 2122 1141 2170 trans·

186 2209 282 2267 gresso
296 2189 448 2248 inltaliam
463 2189 618 2246 Hannibali
632 2188 747 2262 suerint,
768 2189 944 2264 nequaquam
958 2189 1030 2250 inter
1044 2201 1141 2248 aucto-

186 2287 231 2326 res
245 2278 373 2328 constat:
401 2268 449 2342 qui
473 2267 633 2342 plurimum,
648 2277 763 2324 centurn
784 2267 871 2325 millia
884 2268 1018 2344 perlitum,
1040 2267 1141 2345 viginti

186 2347 310 2422 equitum
332 2345 418 2403 fuisse
438 2346 585 2414 scribunt3
606 2346 653 2420 qui
668 2345 827 2412 minimum,
842 2346 941 2422 viginti
955 2347 1043 2404 millia
1062 2347 1141 2422 pedi·

186 2431 257 2492 tum,
278 2443 327 2482 sex
348 2424 482 2499 equitum.
524 2423 557 2481 L.
573 2423 691 2490 Cincius
705 2425 883 2500 Alimentus,
905 2425 1087 2500 qui-captum
1105 2441 1175 2496 sesa

186 2503 222 2562 ab
236 2503 397 2566 Hannibale
411 2502 522 2568 scribit,
532 2502 654 2558 maxime
673 2510 770 2560 auctm
792 2521 837 2560 me
851 2515 983 2574 moveret,
997 2503 1051 2561 nisi
1072 2523 1140 2562 con-

188 2581 317 2640 suaderet
337 2599 497 2652 numerum,
518 2579 608 2638 Gallis
630 2579 836 2656 Liguribusque
860 2581 979 2640 additis:
1012 2600 1076 2639 cum
1094 2583 1139 2640 bis

185 2661 329 2736 octoginta
342 2659 430 2725 millia
439 2659 579 2749 peditum²
593 2659 842 2733 decemsequiturn,
851 2660 978 2718 adducta
988 2661 1016 2718 in
1026 2660 1138 2719 Italiam

144 2739 148 2747 '
187 2739 288 2815 (magis
301 2737 442 2805 affluxisse
456 2737 606 2794 verisimile
614 2748 671 2810 est,
685 2748 714 2795 et
727 2737 766 2794 ita
775 2737 889 2812 quidam
901 2742 1119 2819 auctoressunt)
1131 2759 1148 2815 ,²-

156 2820 157 2823 ’
186 2835 222 2874 ex
251 2817 313 2891 ipso
329 2827 434 2878 autern
461 2816 574 2892 erudisse
602 2815 775 2894 Hannibale,
798 2827 943 2892 postquam
964 2817 1174 2876 Rhodanumue

186 2895 335 2964 transierit,
350 2894 465 2970 triginta
478 2913 527 2957 sex
541 2889 629 2952 millia
651 2894 804 2964 hominurn,
827 2894 1027 2971 ingentemque
1041 2889 1142 2955 nume·¹

185 2991 247 3030 rom
260 2991 395 3048 equorum
409 2983 438 3038 et
451 2972 568 3036 aliorum
580 2972 782 3048 jumentorum,
806 2973 933 3039 amisisse
948 2975 977 3032 in
992 2975 1138 3044 Taurinis,

184 3067 247 3122 qua
261 3051 349 3108 Gallis
362 3051 489 3126 proxima
500 3045 572 3126 gene
585 3060 655 3118 erat,
670 3049 700 3106 in
713 3050 824 3108 ltaliam
838 3051 980 3128 degresso.
1003 3045 1037 3112 ld
1051 3073 1142 3129 quurn.

186 3126 257 3183 inter
270 3141 370 3187 omnes
383 3139 501 3199 constet,
524 3127 561 3186 ab
575 3128 665 3204 magis
676 3129 763 3186 rniror
784 3129 900 3206 ambigi,
912 3132 1034 3206 quanam
1051 3133 1140 3208 Alpes

186 3204 325 3262 transierit
332 3212 343 3273 ἰ
374 3217 407 3264 et⁴
417 3205 499 3282 vulgo
512 3207 638 3274 credere,
664 3206 774 3266 Penino
788 3205 884 3284 (atque
898 3209 964 3268 inde
976 3229 1088 3276 ,nornen
1109 3224 1174 3270 etas

181 3283 252 3371 jugo
267 3282 383 3356 Alpium
398 3285 532 3364 inditum)
547 3297 771 3362 transgressuros
805 3286 913 3344 Caelius
926 3307 975 3363 per
989 3289 1140 3348 Cremonis
1235 3354 1241 3363 ,
1315 3271 1316 3306 ³

182 3378 281 3436 jugum
292 3360 367 3493 (qlicit
378 3365 511 3420 transisse
523 3382 536 3420 z·
559 3369 607 3438 qui
621 3365 705 3422 ambo
717 3365 803 3455 saltus
824 3383 890 3422 eum
913 3385 970 3432 non
991 3365 1021 3422 in
1035 3365 1140 3458 Tauri·

185 3440 1140 3596 2⁰32.OEattilam”Stltuslblllltrllltrltllt
1178 3491 1198 3552 ’-

186 3611 235 3662 ra;
257 3595 362 3670 utique,
376 3613 438 3669 qua
451 3596 487 3652 ad
502 3595 641 3657 Peninum
656 3594 758 3670 lerunt,
780 3597 897 3673 obsepta
909 3601 1042 3676 gentibus
1055 3605 1172 3662 semi-eo

206 3674 330 3736 armenis
344 3672 480 3730 fuissent:
500 3691 601 3747 neque,
616 3673 752 3747 Hercule,
775 3675 918 3736 montibus
932 3679 976 3738 his
1003 3679 1038 3758 (si
1053 3700 1137 3756 quem

186 3688 264 3834 Iertes
272 3751 302 3809 id
316 3754 431 3841 movet)
444 3751 479 3808 ab
492 3751 610 3812 transitu
634 3751 792 3836 Poenorum
807 3753 863 3814 uilo
883 3756 1013 3837 Veragri,
1038 3760 1136 3821 incole
