2648 4340
490 375 595 426 LIBER
612 375 772 426 1.cr1=.v11.
1067 347 1106 436 ’9

155 529 295 578 nosceret.
337 517 382 575 Ita
397 477 520 600 undique
534 537 593 595 regi
586 519 689 576 dolus
703 519 833 578 nectitur.
875 517 1025 592 Romulus,
1046 537 1104 577 non

154 619 220 656 cnm
244 597 359 674 globo
350 615 492 688 Juvenum
509 597 577 673 (nec
597 599 674 656 euim
695 611 755 656 erat
775 598 848 656 ad'
824 618 879 656 vim
893 610 1016 687 apertam
1030 599 1105 676 par),

153 674 204 734 sed
219 679 282 734 aliis
296 677 372 734 alio
365 677 465 734 itinere
482 677 568 752 jussis
580 690 658 734 certo
679 688 804 752 tempore
825 678 858 734 ad
881 677 987 752 regiam
1009 677 1105 734 venire

151 757 323 832 pastoribus,
338 756 372 812 ad
386 775 481 832 regem
505 756 640 831 impetum
665 755 749 812 facit:
771 767 799 814 et
812 777 829 813 a
842 757 925 814 dorno
949 755 1106 812 Numitoris

127 837 211 907 ,alia
225 835 386 910 comparata
399 853 485 892 manu
499 835 611 911 adjuvat
624 835 775 892 Remus:
768 847 807 892 ιιι
817 854 913 912 regem
926 835 1105 894 obtruncant.

204 991 259 1048 vl.
290 992 432 1058 Numitor,
451 992 524 1050 inter
543 992 664 1068 primurn
685 993 835 1050 tumultum
856 993 950 1050 hostes
971 991 1106 1052 invasisse

152 1071 254 1128 orbern
267 1083 350 1146 atque
362 1072 472 1128 adortos
480 1072 586 1146 regiam
598 1071 741 1138 dictitans,
750 1092 839 1147 quum
850 1073 952 1147 pubem
966 1072 1106 1129 Albanam

151 1151 182 1206 in
210 1169 304 1206 arcem
329 1150 458 1224 praesidio
478 1149 617 1226 armisque
640 1151 823 1208 obtinendam
848 1151 1010 1219 evocassem
1034 1163 1108 1226 post·

150 1249 239 1303 qnam
261 1229 388 1304 juvenes,
403 1231 561 1304 perpetrati
582 1229 670 1294 caede,
685 1239 802 1306 pergere
826 1230 862 1286 ad
883 1249 913 1286 se
934 1229 1107 1304 gratulantes

117 1342 142 1379 10
152 1309 234 1374 uidit,
250 1309 389 1382 extemplo
402 1309 538 1364 advocato
551 1308 682 1379 concilio,
696 1309 804 1366 scelera
817 1309 846 1366 in
860 1327 890 1366 se
905 1307 1006 1379 fratris,
1024 1308 1108 1384 origi-

152 1406 221 1442 nem
247 1399 390 1462 nepotum,
406 1385 547 1476 utgeqiti,
562 1387 728 1454 uteducati‚
753 1399 784 1445 ut
806 1387 913 1464 cogniti
936 1397 1040 1456 esseut,
1055 1406 1109 1443 cae·

151 1467 222 1522 dem
237 1466 372 1540 deinceps
395 1465 515 1540 tyranni
529 1480 615 1540 seque
636 1466 697 1541 ejus
719 1478 862 1524 auctorem
885 1465 1016 1523 ostendit.
1058 1465 1108 1522 Ju-

152 1563 253 1602 venes
269 1563 316 1618 per
331 1545 451 1600 mediam
466 1545 636 1602 concionem
648 1545 761 1620 agmine
780 1545 909 1621 ingressi,
924 1563 1010 1620 quum
1025 1564 1107 1602 avum

152 1643 252 1698 regem
268 1625 444 1692 salutassent
458 1637 556 1679 secuta
577 1643 612 1680 ex
634 1625 709 1680 omni
734 1625 913 1682 multitudine
927 1625 1109 1681 consentiens

119 1735 142 1774 15
154 1721 208 1758 vox
224 1715 314 1758 rutum
331 1721 433 1758 nomen
448 1703 651 1778 imperiumque
675 1703 733 1778 regi
755 1703 857 1760 effecit.
900 1703 944 1760 Ita
965 1703 1107 1760 Numitori

153 1782 274 1837 Albana
287 1781 423 1856 {renuisse
437 1801 476 1851 re,
492 1781 645 1838 Romulum
667 1782 847 1858 Remumque
861 1783 965 1857 cupido
978 1783 1062 1858 cepit,
1079 1783 1108 1848 iu

84 1850 92 1871 '
155 1861 192 1916 iis
206 1861 286 1930 locis,
301 1860 347 1915 ubi
362 1861 490 1934 expositi,
505 1860 608 1934 ubique
622 1861 734 1920 educati
746 1873 835 1927 erant,
847 1861 923 1917 urbis
933 1861 1107 1918 condendae:

153 1952 185 1994 et
206 1942 351 2013 supererat
373 1939 520 1994 multitudo
542 1935 724 1999 Albanorum
740 1939 968 2014 Latinorumque.
1010 1940 1058 2000 Ad
1079 1940 1108 1996 id

154 2029 284 2092 pastores
297 2037 406 2091 quoque
420 2029 606 2084 accesserant,
621 2018 667 2092 qui
681 2037 779 2076 omnes
790 2018 871 2074 facile
883 2037 960 2092 spem
973 2017 1108 2087 lacerent,

119 2115 272 2172 ,operiam
294 2097 403 2164 Albam
419 2115 532 2170 parvum
557 2065 714 2162 Laiinium,
738 2116 793 2171 prae
815 2115 849 2153 ea
866 2097 944 2162 urbe,
961 2115 1022 2174 quae
1042 2115 1109 2154 con-

155 2177 283 2246 deretur,
304 2176 368 2232 lore
411 2177 566 2232 Intervenit
586 2175 690 2231 deinde
705 2176 748 2232 his
771 2175 989 2252 cogitationibus
1003 2176 1108 2232 avitum

155 2256 276 2320 malum,
291 2248 506 2344 regnilbupid03
528 2268 610 2328 atquc
624 2253 690 2312 inde
705 2239 809 2310 loedum
824 2266 967 2311 certamen
982 2265 1108 2312 coortum

155 2334 256 2388 asatis
271 2334 330 2389 miti
351 2333 498 2408 principio.
538 2331 684 2392 Quoniam
698 2333 805 2410 gemini
826 2343 929 2403 essent,
943 2353 999 2390 nec
1020 2333 1110 2390 aetatis

91 2461 97 2472 .
155 2413 331 2468 verecundia
354 2413 505 2468 discrimen
532 2413 624 2468 lacere
648 2426 750 2487 posset,
766 2425 796 2470 ut
810 2411 867 2480 Dii,
882 2431 998 2488 quorum
1015 2413 1109 2469 tutelae

120 2527 146 2566 ᾗ
155 2510 191 2547 ea
204 2491 269 2546 loca
282 2504 384 2558 essent,
399 2492 523 2565 auguriis
536 2491 671 2566 legerent,
683 2493 729 2566 qui
742 2511 843 2548 nomen
857 2511 934 2548 uovae
947 2493 1007 2548 urbi
1019 2493 1109 2562 daret,

155 2571 204 2643 qui
230 2571 372 2626 conditam
394 2569 510 2644 imperio
533 2581 652 2644 regeret,
669 2569 805 2628 Palatium
831 2569 982 2642 Romulus,
998 2571 1109 2628 Remus

156 2649 343 2715 Aventinum,
359 2647 393 2704 ad
409 2647 645 2723 inaugurandum,
659 2649 762 2724 templa
775 2650 899 2725 cupiunt.

170 2843 175 2854 ·
198 2805 267 2862 vlt.
289 2805 376 2862 Priori
393 2805 486 2862 Remo
500 2806 648 2879 augurium
664 2805 772 2863 venisse
787 2806 882 2879 sertur,
896 2825 945 2863 sex
967 2806 1109 2864 vultures:

154 2886 280 2960 jamque,
296 2885 424 2942 nuntiato
448 2886 574 2958 auguri0,
589 2904 675 2958 quum
699 2885 801 2960 duplex
827 2905 961 2941 numerus
985 2885 1110 2941 Romulo

123 3001 147 3040 :tt
157 2983 188 3020 se
203 2963 383 3033 ostendisset,
398 2975 545 3037 utrumque
560 2982 654 3037 regern
676 2982 727 3019 sua
748 2963 897 3020 multitudo
918 2964 1110 3038 consalutare·

157 3057 219 3100 rat:
248 3053 371 3116 tempore
396 3043 434 3098 illi
459 3055 605 3116 precepto,
629 3056 656 3098 at
682 3041 708 3098 bi
731 3061 848 3116 numero
869 3043 971 3112 avium,
991 3061 1109 3118 regnum

157 3121 316 3177 trabebant.
368 3119 449 3187 Inde,
476 3141 541 3178 crim
568 3121 749 3177 altercatione
776 3121 930 3196 congressi,
955 3123 1109 3180 certamine

158 3201 262 3255 irarum
278 3199 313 3255 ad
327 3200 434 3256 caedem
449 3211 612 3256 vertuntur:
634 3201 672 3255 ibi
688 3201 715 3256 in
730 3201 812 3256 turbd
827 3199 900 3255 ictus
914 3199 1024 3256 Remus
1035 3201 1110 3258 ceci·

157 3280 208 3334 dit.
252 3277 398 3354 Vulgatior
414 3279 488 3334 sarna
501 3289 550 3336 est.
566 3279 686 3334 ludibrio
701 3278 792 3334 fratris
804 3277 928 3334 Remum
941 3297 1026 3336 novos
1038 3292 1111 3338 tran-

124 3357 270 3429 „siloisse
285 3377 377 3414 muros
390 3377 396 3414 ι
407 3357 482 3414 inde
503 3357 538 3412 ab
553 3356 622 3412 irato
644 3355 768 3412 Romulo
784 3360 881 3430 (quum
896 3358 987 3418 verbis
1000 3377 1109 3432 quoque

125 3437 142 3481 Β
125 3436 333 3510 increpitans
346 3437 537 3540 adjecisset,‘
541 3436 609 3491 ‘Sic
624 3435 737 3502 deinde,
752 3436 921 3510 quicumque
946 3437 1016 3493 alius
1037 3449 1111 3494 tran-

130 3524 143 3566 ό
159 3514 451 3572 “silietmoeniamea
458 3513 697 3590 'Qlintersecturn
734 3513 776 3570 lta
790 3515 864 3571 solus
877 3517 981 3590 potitus
993 3533 1110 3590 imperio

131 3599 143 3625 ⁴
159 3592 319 3660 ΚοιιιιιΙιιει
334 3594 447 3650 condita
461 3593 527 3649 urbs
541 3593 694 3650 conditoris
708 3593 822 3650 nomine
843 3593 989 3684 appellata.
1032 3591 1110 3650 Pala-

125 3673 232 3746 {tium
246 3671 375 3746 primum,
391 3672 487 3744 inquo
502 3672 559 3746 ipse
574 3684 633 3728 erat
647 3673 794 3739 educatus,
809 3673 928 3730 muniit·
953 3689 1033 3728 sacra
1046 3669 1110 3728 Diis

129 3751 222 3842 galiis
247 3751 359 3807 Albano
383 3751 447 3814 ritu,
469 3751 570 3807 Graeco
596 3751 723 3818 Herculi,
739 3763 769 3808 ut
783 3751 818 3807 ab
831 3751 963 3810 Evandro
983 3749 1111 3806 instituta

124 3816 251 3899 flerunt,
276 3829 350 3888 facit.
400 3829 585 3886 Herculem
578 3849 606 3924 m
631 3849 665 3887 ea
688 3830 758 3900 loca,
780 3829 939 3903 Geryone
933 3840 1109 3920 interempto,

505 4002 520 4025 q
582 4005 585 4018 Ι
