<?xml version="1.0" encoding="UTF-8"?>
<!DOCTYPE html PUBLIC "-//W3C//DTD XHTML 1.0 Transitional//EN"
    "http://www.w3.org/TR/xhtml1/DTD/xhtml1-transitional.dtd">
<html xmlns="http://www.w3.org/1999/xhtml" xml:lang="en" lang="en">
 <head>
  <title>
</title>
<meta http-equiv="Content-Type" content="text/html;charset=utf-8" />
  <meta name='ocr-system' content='tesseract 3.04.00' />
  <meta name='ocr-capabilities' content='ocr_page ocr_carea ocr_par ocr_line ocrx_word'/>
</head>
<body>
  <div class='ocr_page' id='page_1' title='image "./historiarumetse00livygoog_0173.png"; bbox 0 0 2648 4338; ppageno 0'>
   <div class='ocr_carea' id='block_1_1' title="bbox 196 329 766 405">
    <p class='ocr_par' dir='ltr' id='par_1_1' title="bbox 196 329 766 405">
     <span class='ocr_line' id='line_1_1' title="bbox 196 329 766 405; baseline -0.005 -20"><span class='ocrx_word' id='word_1_1' title='bbox 196 329 252 398; x_wconf 67' lang='grc' dir='ltr'>ια</span> <span class='ocrx_word' id='word_1_2' title='bbox 353 393 354 400; x_wconf 11' lang='grc' dir='ltr'><strong><em>Ν</em></strong></span> <span class='ocrx_word' id='word_1_3' title='bbox 507 393 508 405; x_wconf 15' lang='grc' dir='ltr'><strong><em>Ν</em></strong></span> <span class='ocrx_word' id='word_1_4' title='bbox 593 333 666 386; x_wconf 80' lang='lat' dir='ltr'><strong>narr</strong></span> <span class='ocrx_word' id='word_1_5' title='bbox 681 331 766 395; x_wconf 83' lang='lat' dir='ltr'><strong>urvrr</strong></span> 
     </span>
    </p>
   </div>
   <div class='ocr_carea' id='block_1_2' title="bbox 181 471 1180 2834">
    <p class='ocr_par' dir='ltr' id='par_1_2' title="bbox 193 471 1179 2510">
     <span class='ocr_line' id='line_1_2' title="bbox 196 471 1140 560; baseline 0.002 -30"><span class='ocrx_word' id='word_1_6' title='bbox 196 479 216 512; x_wconf 78' lang='lat' dir='ltr'><strong>u</strong></span> <span class='ocrx_word' id='word_1_7' title='bbox 224 473 373 550; x_wconf 88' lang='lat' dir='ltr'><strong>sponsione</strong></span> <span class='ocrx_word' id='word_1_8' title='bbox 395 473 539 532; x_wconf 71' lang='lat' dir='ltr'>obstrinxi.</span> <span class='ocrx_word' id='word_1_9' title='bbox 578 473 646 536; x_wconf 82' lang='lat' dir='ltr'><strong>Qut</strong></span> <span class='ocrx_word' id='word_1_10' title='bbox 666 485 770 548; x_wconf 81' lang='lat' dir='ltr'><strong>temen,</strong></span> <span class='ocrx_word' id='word_1_11' title='bbox 790 473 903 550; x_wconf 86' lang='lat' dir='ltr'><strong>quando</strong></span> <span class='ocrx_word' id='word_1_12' title='bbox 925 471 1031 550; x_wconf 85' lang='lat' dir='ltr'><strong>injussu</strong></span> <span class='ocrx_word' id='word_1_13' title='bbox 1044 473 1140 560; x_wconf 90' lang='lat' dir='ltr'><strong>populi</strong></span> 
     </span>
     <span class='ocr_line' id='line_1_3' title="bbox 195 549 1141 630; baseline 0 -20"><span class='ocrx_word' id='word_1_14' title='bbox 195 558 213 590; x_wconf 87' lang='lat'><strong>“</strong></span> <span class='ocrx_word' id='word_1_15' title='bbox 224 549 298 610; x_wconf 84' lang='lat' dir='ltr'><strong>lacta</strong></span> <span class='ocrx_word' id='word_1_16' title='bbox 311 566 363 626; x_wconf 89' lang='lat' dir='ltr'><strong>est,</strong></span> <span class='ocrx_word' id='word_1_17' title='bbox 377 572 433 610; x_wconf 91' lang='lat' dir='ltr'><strong>non</strong></span> <span class='ocrx_word' id='word_1_18' title='bbox 447 563 558 615; x_wconf 87' lang='lat' dir='ltr'><strong>tenetur</strong></span> <span class='ocrx_word' id='word_1_19' title='bbox 571 553 688 630; x_wconf 89' lang='lat' dir='ltr'><strong>populns</strong></span> <span class='ocrx_word' id='word_1_20' title='bbox 701 553 868 622; x_wconf 88' lang='lat' dir='ltr'><strong>Romanus;</strong></span> <span class='ocrx_word' id='word_1_21' title='bbox 882 551 1092 626; x_wconf 74' lang='lat' dir='ltr'><strong>necquidquam</strong></span> <span class='ocrx_word' id='word_1_22' title='bbox 1103 570 1141 624; x_wconf 82' lang='lat' dir='ltr'><strong>ex</strong></span> 
     </span>
     <span class='ocr_line' id='line_1_4' title="bbox 195 629 1138 708; baseline -0.003 -20"><span class='ocrx_word' id='word_1_23' title='bbox 195 631 270 702; x_wconf 77' lang='lat' dir='ltr'><strong>“erl,</strong></span> <span class='ocrx_word' id='word_1_24' title='bbox 296 644 478 708; x_wconf 85' lang='lat' dir='ltr'><strong>praeterquam</strong></span> <span class='ocrx_word' id='word_1_25' title='bbox 512 649 629 707; x_wconf 84' lang='lat' dir='ltr'><strong>corpora</strong></span> <span class='ocrx_word' id='word_1_26' title='bbox 660 643 755 694; x_wconf 87' lang='lat' dir='ltr'><strong>nostra</strong></span> <span class='ocrx_word' id='word_1_27' title='bbox 786 631 925 702; x_wconf 77' lang='lat' dir='ltr'><strong>debentur</strong></span> <span class='ocrx_word' id='word_1_28' title='bbox 957 629 1138 688; x_wconf 85' lang='lat' dir='ltr'><strong>Samnitibus.</strong></span> 
     </span>
     <span class='ocr_line' id='line_1_5' title="bbox 195 707 1141 786; baseline 0 -20"><span class='ocrx_word' id='word_1_29' title='bbox 195 715 213 745; x_wconf 72' lang='lat'><strong>‘⁴</strong></span> <span class='ocrx_word' id='word_1_30' title='bbox 224 707 368 766; x_wconf 87' lang='lat' dir='ltr'><strong>Dedamur</strong></span> <span class='ocrx_word' id='word_1_31' title='bbox 382 729 431 786; x_wconf 80' lang='lat' dir='ltr'><strong>per</strong></span> <span class='ocrx_word' id='word_1_32' title='bbox 445 709 558 768; x_wconf 78' lang='lat' dir='ltr'><strong>feciales</strong></span> <span class='ocrx_word' id='word_1_33' title='bbox 571 709 640 767; x_wconf 91' lang='lat' dir='ltr'><strong>nudi</strong></span> <span class='ocrx_word' id='word_1_34' title='bbox 655 708 814 784; x_wconf 87' lang='lat' dir='ltr'><strong>vinctique:</strong></span> <span class='ocrx_word' id='word_1_35' title='bbox 843 709 1018 769; x_wconf 80' lang='lat' dir='ltr'><strong>exsolvamus</strong></span> <span class='ocrx_word' id='word_1_36' title='bbox 1031 707 1141 783; x_wconf 81' lang='lat' dir='ltr'><strong>religio·</strong></span> 
     </span>
     <span class='ocr_line' id='line_1_6' title="bbox 207 785 1177 864; baseline -0.002 -20"><span class='ocrx_word' id='word_1_37' title='bbox 207 791 261 844; x_wconf 90' lang='lat' dir='ltr'><strong>‘ne</strong></span> <span class='ocrx_word' id='word_1_38' title='bbox 275 788 416 862; x_wconf 84' lang='lat' dir='ltr'><strong>populum,</strong></span> <span class='ocrx_word' id='word_1_39' title='bbox 429 788 453 846; x_wconf 92' lang='lat' dir='ltr'><strong>si</strong></span> <span class='ocrx_word' id='word_1_40' title='bbox 466 791 520 864; x_wconf 75' lang='lat' dir='ltr'><strong>qui</strong></span> <span class='ocrx_word' id='word_1_41' title='bbox 533 788 733 864; x_wconf 82' lang='lat' dir='ltr'><strong>obligavimus3</strong></span> <span class='ocrx_word' id='word_1_42' title='bbox 760 785 876 863; x_wconf 88' lang='lat' dir='ltr'><strong>nequid</strong></span> <span class='ocrx_word' id='word_1_43' title='bbox 890 786 977 844; x_wconf 83' lang='lat' dir='ltr'><strong>divini</strong></span> <span class='ocrx_word' id='word_1_44' title='bbox 992 786 1140 852; x_wconf 81' lang='lat' dir='ltr'><strong>humanive</strong></span> <span class='ocrx_word' id='word_1_45' title='bbox 1162 803 1177 842; x_wconf 80' lang='lat' dir='ltr'><strong>e</strong></span> 
     </span>
     <span class='ocr_line' id='line_1_7' title="bbox 195 863 1142 943; baseline -0.002 -21"><span class='ocrx_word' id='word_1_46' title='bbox 195 869 213 900; x_wconf 84' lang='lat'>“</span> <span class='ocrx_word' id='word_1_47' title='bbox 224 865 324 933; x_wconf 81' lang='lat' dir='ltr'><strong>obstet,</strong></span> <span class='ocrx_word' id='word_1_48' title='bbox 339 865 394 940; x_wconf 82' lang='lat' dir='ltr'><strong>qub</strong></span> <span class='ocrx_word' id='word_1_49' title='bbox 409 865 501 924; x_wconf 73' lang='lat' dir='ltr'><strong>minuis</strong></span> <span class='ocrx_word' id='word_1_50' title='bbox 521 867 628 943; x_wconf 89' lang='lat' dir='ltr'><strong>justum</strong></span> <span class='ocrx_word' id='word_1_51' title='bbox 641 866 774 942; x_wconf 91' lang='lat' dir='ltr'><strong>piumque</strong></span> <span class='ocrx_word' id='word_1_52' title='bbox 788 866 823 923; x_wconf 91' lang='lat' dir='ltr'><strong>de</strong></span> <span class='ocrx_word' id='word_1_53' title='bbox 840 866 949 942; x_wconf 80' lang='lat' dir='ltr'><strong>integro</strong></span> <span class='ocrx_word' id='word_1_54' title='bbox 962 865 1071 922; x_wconf 86' lang='lat' dir='ltr'><strong>ineatur</strong></span> <span class='ocrx_word' id='word_1_55' title='bbox 1085 863 1142 920; x_wconf 92' lang='lat' dir='ltr'><strong>bel·</strong></span> 
     </span>
     <span class='ocr_line' id='line_1_8' title="bbox 195 938 1142 1016; baseline -0.002 -16"><span class='ocrx_word' id='word_1_56' title='bbox 195 943 291 1000; x_wconf 61' lang='grc' dir='ltr'><strong>ιιΙιιιιι.</strong></span> <span class='ocrx_word' id='word_1_57' title='bbox 332 943 445 1002; x_wconf 83' lang='lat' dir='ltr'>Interea</span> <span class='ocrx_word' id='word_1_58' title='bbox 465 946 595 1002; x_wconf 86' lang='lat' dir='ltr'><strong>eonsules</strong></span> <span class='ocrx_word' id='word_1_59' title='bbox 608 944 772 1016; x_wconf 33' lang='lat' dir='ltr'><strong>sternitum·</strong></span> <span class='ocrx_word' id='word_1_60' title='bbox 784 938 916 1016; x_wconf 87' lang='lat' dir='ltr'><strong>seribere,</strong></span> <span class='ocrx_word' id='word_1_61' title='bbox 937 961 1054 1015; x_wconf 87' lang='lat' dir='ltr'><strong>armare,</strong></span> <span class='ocrx_word' id='word_1_62' title='bbox 1074 943 1142 1000; x_wconf 91' lang='lat' dir='ltr'><strong>edu-</strong></span> 
     </span>
     <span class='ocr_line' id='line_1_9' title="bbox 197 1021 1143 1100; baseline 0 -22"><span class='ocrx_word' id='word_1_63' title='bbox 197 1027 215 1058; x_wconf 85' lang='lat'>“</span> <span class='ocrx_word' id='word_1_64' title='bbox 224 1041 289 1078; x_wconf 87' lang='lat' dir='ltr'><strong>cere</strong></span> <span class='ocrx_word' id='word_1_65' title='bbox 303 1021 395 1098; x_wconf 89' lang='lat' dir='ltr'><strong>placet</strong></span> <span class='ocrx_word' id='word_1_66' title='bbox 406 1043 414 1092; x_wconf 84' lang='lat'>3</span> <span class='ocrx_word' id='word_1_67' title='bbox 447 1042 503 1082; x_wconf 88' lang='lat' dir='ltr'><strong>nec</strong></span> <span class='ocrx_word' id='word_1_68' title='bbox 515 1024 590 1100; x_wconf 80' lang='lat' dir='ltr'><strong>priris</strong></span> <span class='ocrx_word' id='word_1_69' title='bbox 603 1023 713 1099; x_wconf 84' lang='lat' dir='ltr'>ingredi</span> <span class='ocrx_word' id='word_1_70' title='bbox 727 1023 847 1081; x_wconf 86' lang='lat' dir='ltr'><strong>hostium</strong></span> <span class='ocrx_word' id='word_1_71' title='bbox 860 1022 940 1096; x_wconf 81' lang='lat' dir='ltr'><strong>fines,</strong></span> <span class='ocrx_word' id='word_1_72' title='bbox 951 1021 1035 1098; x_wconf 78' lang='lat' dir='ltr'><strong>quim</strong></span> <span class='ocrx_word' id='word_1_73' title='bbox 1048 1021 1143 1080; x_wconf 88' lang='lat' dir='ltr'><strong>omnia</strong></span> 
     </span>
     <span class='ocr_line' id='line_1_10' title="bbox 195 1099 1143 1177; baseline 0.001 -21"><span class='ocrx_word' id='word_1_74' title='bbox 195 1106 214 1134; x_wconf 73' lang='lat'><strong>‘⁴</strong></span> <span class='ocrx_word' id='word_1_75' title='bbox 221 1099 297 1175; x_wconf 85' lang='lat' dir='ltr'><strong>justa</strong></span> <span class='ocrx_word' id='word_1_76' title='bbox 309 1101 338 1158; x_wconf 93' lang='lat' dir='ltr'><strong>in</strong></span> <span class='ocrx_word' id='word_1_77' title='bbox 352 1102 524 1161; x_wconf 89' lang='lat' dir='ltr'><strong>deditionem</strong></span> <span class='ocrx_word' id='word_1_78' title='bbox 541 1112 663 1160; x_wconf 87' lang='lat' dir='ltr'><strong>nostram</strong></span> <span class='ocrx_word' id='word_1_79' title='bbox 677 1100 802 1177; x_wconf 82' lang='lat' dir='ltr'><strong>perfecta</strong></span> <span class='ocrx_word' id='word_1_80' title='bbox 813 1111 905 1160; x_wconf 83' lang='lat' dir='ltr'><strong>erunt.</strong></span> <span class='ocrx_word' id='word_1_81' title='bbox 945 1101 1015 1168; x_wconf 87' lang='lat' dir='ltr'><strong>Vos,</strong></span> <span class='ocrx_word' id='word_1_82' title='bbox 1029 1099 1078 1158; x_wconf 90' lang='lat' dir='ltr'><strong>Dii</strong></span> <span class='ocrx_word' id='word_1_83' title='bbox 1091 1099 1143 1157; x_wconf 89' lang='lat' dir='ltr'><strong>im·</strong></span> 
     </span>
     <span class='ocr_line' id='line_1_11' title="bbox 195 1179 1177 1260; baseline 0 -26"><span class='ocrx_word' id='word_1_84' title='bbox 195 1184 213 1214; x_wconf 83' lang='lat'><strong>“</strong></span> <span class='ocrx_word' id='word_1_85' title='bbox 224 1179 363 1247; x_wconf 88' lang='lat' dir='ltr'><strong>mortales,</strong></span> <span class='ocrx_word' id='word_1_86' title='bbox 386 1200 484 1260; x_wconf 72' lang='lat' dir='ltr'><strong>precor</strong></span> <span class='ocrx_word' id='word_1_87' title='bbox 503 1199 660 1256; x_wconf 82' lang='lat' dir='ltr'><strong>quaesoque,</strong></span> <span class='ocrx_word' id='word_1_88' title='bbox 687 1181 710 1238; x_wconf 89' lang='lat' dir='ltr'><strong>si</strong></span> <span class='ocrx_word' id='word_1_89' title='bbox 731 1180 809 1238; x_wconf 86' lang='lat' dir='ltr'><strong>vobis</strong></span> <span class='ocrx_word' id='word_1_90' title='bbox 828 1199 885 1238; x_wconf 88' lang='lat' dir='ltr'><strong>non</strong></span> <span class='ocrx_word' id='word_1_91' title='bbox 905 1179 957 1237; x_wconf 83' lang='lat' dir='ltr'><strong>fuit</strong></span> <span class='ocrx_word' id='word_1_92' title='bbox 977 1179 1064 1253; x_wconf 83' lang='lat' dir='ltr'><strong>cordi,</strong></span> <span class='ocrx_word' id='word_1_93' title='bbox 1093 1180 1177 1254; x_wconf 71' lang='lat' dir='ltr'><strong>Spin</strong></span> 
     </span>
     <span class='ocr_line' id='line_1_12' title="bbox 195 1257 1143 1334; baseline 0.003 -21"><span class='ocrx_word' id='word_1_94' title='bbox 195 1262 214 1293; x_wconf 73' lang='lat' dir='ltr'><strong>a</strong></span> <span class='ocrx_word' id='word_1_95' title='bbox 224 1257 407 1328; x_wconf 89' lang='lat' dir='ltr'><strong>Postumium,</strong></span> <span class='ocrx_word' id='word_1_96' title='bbox 423 1258 632 1326; x_wconf 84' lang='lat' dir='ltr'><strong>T..Veturium,</strong></span> <span class='ocrx_word' id='word_1_97' title='bbox 645 1258 777 1316; x_wconf 88' lang='lat' dir='ltr'><strong>consules</strong></span> <span class='ocrx_word' id='word_1_98' title='bbox 796 1277 862 1317; x_wconf 88' lang='lat' dir='ltr'><strong>eum</strong></span> <span class='ocrx_word' id='word_1_99' title='bbox 881 1257 1055 1316; x_wconf 83' lang='lat' dir='ltr'><strong>Samnitibus</strong></span> <span class='ocrx_word' id='word_1_100' title='bbox 1068 1277 1143 1334; x_wconf 83' lang='lat' dir='ltr'><strong>pros-</strong></span> 
     </span>
     <span class='ocr_line' id='line_1_13' title="bbox 195 1335 1143 1414; baseline 0 -22"><span class='ocrx_word' id='word_1_101' title='bbox 195 1341 214 1371; x_wconf 79' lang='grc'>“</span> <span class='ocrx_word' id='word_1_102' title='bbox 223 1336 288 1410; x_wconf 78' lang='lat' dir='ltr'><strong>pere</strong></span> <span class='ocrx_word' id='word_1_103' title='bbox 305 1337 408 1396; x_wconf 86' lang='lat' dir='ltr'><strong>bellum</strong></span> <span class='ocrx_word' id='word_1_104' title='bbox 421 1356 519 1414; x_wconf 87' lang='lat' dir='ltr'><strong>gerere</strong></span> <span class='ocrx_word' id='word_1_105' title='bbox 530 1357 538 1407; x_wconf 89' lang='lat'><strong>;</strong></span> <span class='ocrx_word' id='word_1_106' title='bbox 568 1347 597 1395; x_wconf 85' lang='lat' dir='ltr'><strong>at</strong></span> <span class='ocrx_word' id='word_1_107' title='bbox 610 1356 659 1396; x_wconf 87' lang='lat' dir='ltr'><strong>ros</strong></span> <span class='ocrx_word' id='word_1_108' title='bbox 672 1337 740 1394; x_wconf 88' lang='lat' dir='ltr'><strong>satia</strong></span> <span class='ocrx_word' id='word_1_109' title='bbox 753 1337 889 1409; x_wconf 87' lang='lat' dir='ltr'><strong>habeatis,</strong></span> <span class='ocrx_word' id='word_1_110' title='bbox 910 1336 1012 1394; x_wconf 84' lang='lat' dir='ltr'><strong>vidisse</strong></span> <span class='ocrx_word' id='word_1_111' title='bbox 1025 1355 1077 1394; x_wconf 89' lang='lat' dir='ltr'><strong>nos</strong></span> <span class='ocrx_word' id='word_1_112' title='bbox 1090 1335 1143 1393; x_wconf 93' lang='lat' dir='ltr'><strong>sub</strong></span> 
     </span>
     <span class='ocr_line' id='line_1_14' title="bbox 195 1413 1143 1492; baseline 0.002 -22"><span class='ocrx_word' id='word_1_113' title='bbox 195 1413 322 1492; x_wconf 76' lang='lat' dir='ltr'><strong>“jugum</strong></span> <span class='ocrx_word' id='word_1_114' title='bbox 336 1417 443 1488; x_wconf 86' lang='lat' dir='ltr'><strong>missos,</strong></span> <span class='ocrx_word' id='word_1_115' title='bbox 465 1416 566 1474; x_wconf 84' lang='lat' dir='ltr'><strong>vidisse</strong></span> <span class='ocrx_word' id='word_1_116' title='bbox 589 1415 738 1492; x_wconf 77' lang='lat' dir='ltr'>sponsione</span> <span class='ocrx_word' id='word_1_117' title='bbox 762 1415 860 1474; x_wconf 86' lang='lat' dir='ltr'><strong>iuiami</strong></span> <span class='ocrx_word' id='word_1_118' title='bbox 882 1415 1028 1492; x_wconf 81' lang='lat' dir='ltr'><strong>obligatos,</strong></span> <span class='ocrx_word' id='word_1_119' title='bbox 1048 1415 1143 1475; x_wconf 86' lang='lat' dir='ltr'><strong>videre</strong></span> 
     </span>
     <span class='ocr_line' id='line_1_15' title="bbox 194 1493 1142 1570; baseline 0.002 -22"><span class='ocrx_word' id='word_1_120' title='bbox 194 1493 313 1550; x_wconf 78' lang='lat' dir='ltr'><strong>“nudos</strong></span> <span class='ocrx_word' id='word_1_121' title='bbox 334 1494 496 1570; x_wconf 83' lang='lat' dir='ltr'><strong>vinctosque</strong></span> <span class='ocrx_word' id='word_1_122' title='bbox 518 1493 642 1552; x_wconf 77' lang='lat' dir='ltr'><strong>hostibus</strong></span> <span class='ocrx_word' id='word_1_123' title='bbox 661 1494 780 1566; x_wconf 86' lang='lat' dir='ltr'><strong>deditos,</strong></span> <span class='ocrx_word' id='word_1_124' title='bbox 801 1513 916 1552; x_wconf 89' lang='lat' dir='ltr'><strong>omnem</strong></span> <span class='ocrx_word' id='word_1_125' title='bbox 937 1495 1006 1552; x_wconf 88' lang='lat' dir='ltr'><strong>iranr</strong></span> <span class='ocrx_word' id='word_1_126' title='bbox 1020 1493 1142 1552; x_wconf 87' lang='lat' dir='ltr'><strong>hostiurn</strong></span> 
     </span>
     <span class='ocr_line' id='line_1_16' title="bbox 193 1571 1178 1650; baseline 0.002 -24"><span class='ocrx_word' id='word_1_127' title='bbox 193 1572 325 1629; x_wconf 79' lang='lat' dir='ltr'><strong>“nostris</strong></span> <span class='ocrx_word' id='word_1_128' title='bbox 351 1573 491 1648; x_wconf 81' lang='lat' dir='ltr'><strong>capitibus</strong></span> <span class='ocrx_word' id='word_1_129' title='bbox 517 1572 699 1650; x_wconf 86' lang='lat' dir='ltr'><strong>excipientes.</strong></span> <span class='ocrx_word' id='word_1_130' title='bbox 739 1571 837 1632; x_wconf 85' lang='lat' dir='ltr'><strong>Novos</strong></span> <span class='ocrx_word' id='word_1_131' title='bbox 859 1573 990 1632; x_wconf 88' lang='lat' dir='ltr'><strong>consules</strong></span> <span class='ocrx_word' id='word_1_132' title='bbox 1007 1571 1178 1648; x_wconf 76' lang='lat' dir='ltr'><strong>legiones-rs</strong></span> 
     </span>
     <span class='ocr_line' id='line_1_17' title="bbox 194 1650 1144 1728; baseline 0.002 -22"><span class='ocrx_word' id='word_1_133' title='bbox 194 1655 275 1723; x_wconf 87' lang='lat' dir='ltr'><strong>“que</strong></span> <span class='ocrx_word' id='word_1_134' title='bbox 290 1650 436 1710; x_wconf 88' lang='lat' dir='ltr'><strong>Romanas</strong></span> <span class='ocrx_word' id='word_1_135' title='bbox 450 1652 570 1710; x_wconf 86' lang='lat' dir='ltr'><strong>ita-cum</strong></span> <span class='ocrx_word' id='word_1_136' title='bbox 592 1651 720 1710; x_wconf 79' lang='lat' dir='ltr'><strong>Samnite</strong></span> <span class='ocrx_word' id='word_1_137' title='bbox 743 1670 842 1728; x_wconf 80' lang='lat' dir='ltr'><strong>gerere</strong></span> <span class='ocrx_word' id='word_1_138' title='bbox 865 1653 969 1710; x_wconf 89' lang='lat' dir='ltr'><strong>bellurn</strong></span> <span class='ocrx_word' id='word_1_139' title='bbox 992 1650 1092 1723; x_wconf 75' lang='lat' dir='ltr'><strong>velitis,</strong></span> <span class='ocrx_word' id='word_1_140' title='bbox 1112 1660 1144 1708; x_wconf 89' lang='lat' dir='ltr'><strong>ut</strong></span> 
     </span>
     <span class='ocr_line' id='line_1_18' title="bbox 194 1728 1142 1806; baseline 0.002 -22"><span class='ocrx_word' id='word_1_141' title='bbox 194 1728 317 1786; x_wconf 82' lang='lat' dir='ltr'><strong>“omnia</strong></span> <span class='ocrx_word' id='word_1_142' title='bbox 343 1743 408 1788; x_wconf 88' lang='lat' dir='ltr'><strong>aute</strong></span> <span class='ocrx_word' id='word_1_143' title='bbox 435 1749 487 1788; x_wconf 91' lang='lat' dir='ltr'><strong>nos</strong></span> <span class='ocrx_word' id='word_1_144' title='bbox 503 1729 638 1790; x_wconf 82' lang='lat' dir='ltr'><strong>&#39;consules</strong></span> <span class='ocrx_word' id='word_1_145' title='bbox 661 1729 735 1788; x_wconf 80' lang='lat' dir='ltr'><strong>bella</strong></span> <span class='ocrx_word' id='word_1_146' title='bbox 760 1741 840 1806; x_wconf 80' lang='lat' dir='ltr'><strong>gesta</strong></span> <span class='ocrx_word' id='word_1_147' title='bbox 859 1731 953 1790; x_wconf 82' lang='lat' dir='ltr'><strong>sunt.”</strong></span> <span class='ocrx_word' id='word_1_148' title='bbox 992 1729 1069 1792; x_wconf 79' lang='lat' dir='ltr'><strong>Quae</strong></span> <span class='ocrx_word' id='word_1_149' title='bbox 1095 1729 1142 1786; x_wconf 93' lang='lat' dir='ltr'><strong>ubi</strong></span> 
     </span>
     <span class='ocr_line' id='line_1_19' title="bbox 194 1805 1144 1886; baseline 0.004 -24"><span class='ocrx_word' id='word_1_150' title='bbox 194 1805 273 1877; x_wconf 79' lang='lat' dir='ltr'><strong>dixit,</strong></span> <span class='ocrx_word' id='word_1_151' title='bbox 288 1817 367 1870; x_wconf 82' lang='lat' dir='ltr'><strong>tanta</strong></span> <span class='ocrx_word' id='word_1_152' title='bbox 387 1809 470 1866; x_wconf 88' lang='lat' dir='ltr'><strong>simul</strong></span> <span class='ocrx_word' id='word_1_153' title='bbox 491 1808 638 1866; x_wconf 86' lang='lat' dir='ltr'><strong>admiratio</strong></span> <span class='ocrx_word' id='word_1_154' title='bbox 658 1807 853 1886; x_wconf 75' lang='lat' dir='ltr'><strong>miseratioque</strong></span> <span class='ocrx_word' id='word_1_155' title='bbox 876 1807 927 1868; x_wconf 82' lang='lat' dir='ltr'><strong>viri</strong></span> <span class='ocrx_word' id='word_1_156' title='bbox 948 1808 1065 1878; x_wconf 80' lang='lat' dir='ltr'><strong>incessit</strong></span> <span class='ocrx_word' id='word_1_157' title='bbox 1086 1827 1144 1876; x_wconf 61' lang='lat' dir='ltr'><strong>cnr,a</strong></span> 
     </span>
     <span class='ocr_line' id='line_1_20' title="bbox 194 1881 1143 1964; baseline 0.004 -24"><span class='ocrx_word' id='word_1_158' title='bbox 194 1903 254 1956; x_wconf 87' lang='lat' dir='ltr'><strong>nes,</strong></span> <span class='ocrx_word' id='word_1_159' title='bbox 269 1897 300 1944; x_wconf 90' lang='lat' dir='ltr'><strong>ut</strong></span> <span class='ocrx_word' id='word_1_160' title='bbox 314 1881 397 1946; x_wconf 84' lang='lat' dir='ltr'><strong>modb</strong></span> <span class='ocrx_word' id='word_1_161' title='bbox 411 1887 456 1946; x_wconf 84' lang='lat' dir='ltr'><strong>vix</strong></span> <span class='ocrx_word' id='word_1_162' title='bbox 468 1888 625 1954; x_wconf 83' lang='lat' dir='ltr'><strong>crederent,</strong></span> <span class='ocrx_word' id='word_1_163' title='bbox 640 1887 719 1949; x_wconf 88' lang='lat' dir='ltr'><strong>illurn</strong></span> <span class='ocrx_word' id='word_1_164' title='bbox 742 1889 874 1959; x_wconf 85' lang='lat' dir='ltr'><strong>eumdem</strong></span> <span class='ocrx_word' id='word_1_165' title='bbox 896 1907 958 1948; x_wconf 88' lang='lat' dir='ltr'><strong>esse</strong></span> <span class='ocrx_word' id='word_1_166' title='bbox 983 1889 1031 1964; x_wconf 79' lang='lat' dir='ltr'><strong>Sp.</strong></span> <span class='ocrx_word' id='word_1_167' title='bbox 1045 1887 1143 1946; x_wconf 88' lang='lat' dir='ltr'><strong>Postu-</strong></span> 
     </span>
     <span class='ocr_line' id='line_1_21' title="bbox 194 1964 1178 2042; baseline 0 -22"><span class='ocrx_word' id='word_1_168' title='bbox 194 1964 292 2033; x_wconf 89' lang='lat' dir='ltr'><strong>mium,</strong></span> <span class='ocrx_word' id='word_1_169' title='bbox 307 1966 355 2042; x_wconf 91' lang='lat' dir='ltr'><strong>qui</strong></span> <span class='ocrx_word' id='word_1_170' title='bbox 369 1977 465 2026; x_wconf 89' lang='lat' dir='ltr'><strong>auctor</strong></span> <span class='ocrx_word' id='word_1_171' title='bbox 479 1977 536 2024; x_wconf 87' lang='lat' dir='ltr'><strong>tam</strong></span> <span class='ocrx_word' id='word_1_172' title='bbox 550 1964 631 2025; x_wconf 74' lang='lat' dir='ltr'><strong>ioedae</strong></span> <span class='ocrx_word' id='word_1_173' title='bbox 645 1967 724 2042; x_wconf 86' lang='lat' dir='ltr'><strong>pacis</strong></span> <span class='ocrx_word' id='word_1_174' title='bbox 737 1966 851 2038; x_wconf 86' lang='lat' dir='ltr'><strong>luisset;</strong></span> <span class='ocrx_word' id='word_1_175' title='bbox 882 1966 967 2026; x_wconf 77' lang='lat' dir='ltr'><strong>modo</strong></span> <span class='ocrx_word' id='word_1_176' title='bbox 980 1966 1178 2034; x_wconf 81' lang='lat' dir='ltr'><strong>miseraren-ao</strong></span> 
     </span>
     <span class='ocr_line' id='line_1_22' title="bbox 194 2044 1143 2126; baseline 0.003 -27"><span class='ocrx_word' id='word_1_177' title='bbox 194 2053 248 2116; x_wconf 89' lang='lat' dir='ltr'><strong>tur,</strong></span> <span class='ocrx_word' id='word_1_178' title='bbox 262 2044 336 2118; x_wconf 78' lang='lat' dir='ltr'><strong>quod</strong></span> <span class='ocrx_word' id='word_1_179' title='bbox 350 2046 392 2104; x_wconf 85' lang='lat' dir='ltr'><strong>vir</strong></span> <span class='ocrx_word' id='word_1_180' title='bbox 404 2045 467 2104; x_wconf 88' lang='lat' dir='ltr'><strong>telis</strong></span> <span class='ocrx_word' id='word_1_181' title='bbox 480 2045 565 2104; x_wconf 90' lang='lat' dir='ltr'><strong>etiam</strong></span> <span class='ocrx_word' id='word_1_182' title='bbox 584 2045 756 2122; x_wconf 77' lang='lat' dir='ltr'><strong>precipuum</strong></span> <span class='ocrx_word' id='word_1_183' title='bbox 780 2047 854 2123; x_wconf 86' lang='lat' dir='ltr'><strong>apud</strong></span> <span class='ocrx_word' id='word_1_184' title='bbox 868 2047 962 2106; x_wconf 89' lang='lat' dir='ltr'><strong>hostes</strong></span> <span class='ocrx_word' id='word_1_185' title='bbox 975 2044 1143 2126; x_wconf 79' lang='lat' dir='ltr'><strong>supplicium</strong></span> 
     </span>
     <span class='ocr_line' id='line_1_23' title="bbox 194 2123 1145 2202; baseline -0.003 -19"><span class='ocrx_word' id='word_1_186' title='bbox 194 2141 328 2196; x_wconf 81' lang='lat' dir='ltr'><strong>passurus</strong></span> <span class='ocrx_word' id='word_1_187' title='bbox 341 2135 415 2182; x_wconf 88' lang='lat' dir='ltr'><strong>esset</strong></span> <span class='ocrx_word' id='word_1_188' title='bbox 428 2124 464 2182; x_wconf 92' lang='lat' dir='ltr'><strong>ob</strong></span> <span class='ocrx_word' id='word_1_189' title='bbox 477 2124 546 2182; x_wconf 88' lang='lat' dir='ltr'><strong>iram</strong></span> <span class='ocrx_word' id='word_1_190' title='bbox 568 2125 712 2200; x_wconf 72' lang='lat' dir='ltr'><strong>dirempta</strong></span> <span class='ocrx_word' id='word_1_191' title='bbox 725 2125 816 2200; x_wconf 58' lang='lat' dir='ltr'><strong>pacis,</strong></span> <span class='ocrx_word' id='word_1_192' title='bbox 852 2125 953 2187; x_wconf 83' lang='lat' dir='ltr'><strong>Quum</strong></span> <span class='ocrx_word' id='word_1_193' title='bbox 963 2143 1073 2202; x_wconf 16' lang='lat' dir='ltr'><strong>nomnen,</strong></span> <span class='ocrx_word' id='word_1_194' title='bbox 1086 2123 1145 2181; x_wconf 86' lang='lat' dir='ltr'><strong>lau-</strong></span> 
     </span>
     <span class='ocr_line' id='line_1_24' title="bbox 194 2201 1144 2282; baseline 0.005 -27"><span class='ocrx_word' id='word_1_195' title='bbox 194 2201 278 2258; x_wconf 91' lang='lat' dir='ltr'><strong>dibus</strong></span> <span class='ocrx_word' id='word_1_196' title='bbox 291 2203 375 2260; x_wconf 76' lang='lat' dir='ltr'><strong>modo</strong></span> <span class='ocrx_word' id='word_1_197' title='bbox 388 2213 587 2278; x_wconf 87' lang='lat' dir='ltr'><strong>prosequentes</strong></span> <span class='ocrx_word' id='word_1_198' title='bbox 600 2203 699 2276; x_wconf 84' lang='lat' dir='ltr'><strong>virum,</strong></span> <span class='ocrx_word' id='word_1_199' title='bbox 720 2203 750 2260; x_wconf 88' lang='lat' dir='ltr'><strong>irr</strong></span> <span class='ocrx_word' id='word_1_200' title='bbox 770 2205 938 2268; x_wconf 83' lang='lat' dir='ltr'><strong>sententiam</strong></span> <span class='ocrx_word' id='word_1_201' title='bbox 952 2205 1013 2282; x_wconf 89' lang='lat' dir='ltr'><strong>ejus</strong></span> <span class='ocrx_word' id='word_1_202' title='bbox 1026 2201 1144 2278; x_wconf 87' lang='lat' dir='ltr'><strong>pedibus</strong></span> 
     </span>
     <span class='ocr_line' id='line_1_25' title="bbox 195 2277 1145 2357; baseline 0.006 -23"><span class='ocrx_word' id='word_1_203' title='bbox 195 2277 283 2350; x_wconf 87' lang='lat' dir='ltr'><strong>irent;</strong></span> <span class='ocrx_word' id='word_1_204' title='bbox 318 2291 424 2338; x_wconf 86' lang='lat' dir='ltr'><strong>tentata</strong></span> <span class='ocrx_word' id='word_1_205' title='bbox 451 2281 591 2357; x_wconf 79' lang='lat' dir='ltr'><strong>paulisper</strong></span> <span class='ocrx_word' id='word_1_206' title='bbox 612 2281 780 2346; x_wconf 50' lang='lat' dir='ltr'><strong>,intercessio</strong></span> <span class='ocrx_word' id='word_1_207' title='bbox 803 2293 847 2341; x_wconf 88' lang='lat' dir='ltr'><strong>est</strong></span> <span class='ocrx_word' id='word_1_208' title='bbox 880 2282 915 2356; x_wconf 83' lang='lat' dir='ltr'><strong>ab</strong></span> <span class='ocrx_word' id='word_1_209' title='bbox 941 2281 975 2340; x_wconf 85' lang='lat' dir='ltr'><strong>L.</strong></span> <span class='ocrx_word' id='word_1_210' title='bbox 1002 2281 1083 2340; x_wconf 85' lang='lat' dir='ltr'><strong>Livio</strong></span> <span class='ocrx_word' id='word_1_211' title='bbox 1115 2290 1145 2340; x_wconf 89' lang='lat' dir='ltr'><strong>et</strong></span> 
     </span>
     <span class='ocr_line' id='line_1_26' title="bbox 194 2355 1179 2440; baseline 0.001 -22"><span class='ocrx_word' id='word_1_212' title='bbox 194 2355 234 2418; x_wconf 75' lang='lat' dir='ltr'><strong>Q·</strong></span> <span class='ocrx_word' id='word_1_213' title='bbox 251 2359 281 2414; x_wconf 90' lang='lat' dir='ltr'>M</span> <span class='ocrx_word' id='word_1_214' title='bbox 286 2358 356 2431; x_wconf 87' lang='lat' dir='ltr'><strong>aelio,</strong></span> <span class='ocrx_word' id='word_1_215' title='bbox 371 2359 490 2418; x_wconf 90' lang='lat' dir='ltr'><strong>tribunis</strong></span> <span class='ocrx_word' id='word_1_216' title='bbox 502 2359 609 2435; x_wconf 81' lang='lat' dir='ltr'><strong>plebis3</strong></span> <span class='ocrx_word' id='word_1_217' title='bbox 629 2359 687 2434; x_wconf 89' lang='lat' dir='ltr'><strong>qui,</strong></span> <span class='ocrx_word' id='word_1_218' title='bbox 702 2361 936 2440; x_wconf 24' lang='lat' dir='ltr'><strong>‘tneqnepexsolvi</strong></span> <span class='ocrx_word' id='word_1_219' title='bbox 949 2361 1084 2438; x_wconf 79' lang='lat' dir='ltr'><strong>religione</strong></span> <span class='ocrx_word' id='word_1_220' title='bbox 1097 2371 1179 2438; x_wconf 75' lang='lat' dir='ltr'><strong>po·2⁵</strong></span> 
     </span>
     <span class='ocr_line' id='line_1_27' title="bbox 196 2433 1144 2510; baseline 0.006 -18"><span class='ocrx_word' id='word_1_221' title='bbox 196 2439 214 2469; x_wconf 79' lang='grc'>“</span> <span class='ocrx_word' id='word_1_222' title='bbox 223 2433 348 2510; x_wconf 89' lang='lat' dir='ltr'><strong>pulum‚”</strong></span> <span class='ocrx_word' id='word_1_223' title='bbox 363 2437 485 2510; x_wconf 87' lang='lat' dir='ltr'><strong>aiebant,</strong></span> <span class='ocrx_word' id='word_1_224' title='bbox 508 2439 680 2496; x_wconf 82' lang='lat' dir='ltr'><strong>“deditione</strong></span> <span class='ocrx_word' id='word_1_225' title='bbox 695 2441 754 2506; x_wconf 73' lang='lat' dir='ltr'><strong>sui,</strong></span> <span class='ocrx_word' id='word_1_226' title='bbox 775 2439 834 2510; x_wconf 84' lang='lat' dir='ltr'><strong>nisi</strong></span> <span class='ocrx_word' id='word_1_227' title='bbox 850 2439 946 2498; x_wconf 89' lang='lat' dir='ltr'><strong>omnia</strong></span> <span class='ocrx_word' id='word_1_228' title='bbox 959 2439 1144 2508; x_wconf 84' lang='lat' dir='ltr'><strong>Samnitibus,</strong></span> 
     </span>
    </p>

    <p class='ocr_par' dir='ltr' id='par_1_3' title="bbox 181 2514 1145 2750">
     <span class='ocr_line' id='line_1_28' title="bbox 181 2514 1145 2601; baseline 0.007 -32"><span class='ocrx_word' id='word_1_229' title='bbox 181 2587 183 2594; x_wconf 18' lang='lat' dir='ltr'>y</span> <span class='ocrx_word' id='word_1_230' title='bbox 196 2514 316 2588; x_wconf 79' lang='lat' dir='ltr'><strong>“qualia</strong></span> <span class='ocrx_word' id='word_1_231' title='bbox 327 2516 400 2590; x_wconf 84' lang='lat' dir='ltr'><strong>apud</strong></span> <span class='ocrx_word' id='word_1_232' title='bbox 415 2515 556 2574; x_wconf 83' lang='lat' dir='ltr'><strong>Caudium</strong></span> <span class='ocrx_word' id='word_1_233' title='bbox 572 2517 701 2601; x_wconf 73' lang='lat' dir='ltr'><strong>fuissent,</strong></span> <span class='ocrx_word' id='word_1_234' title='bbox 709 2517 939 2596; x_wconf 86' lang='lat' dir='ltr'><strong>restituerentur:</strong></span> <span class='ocrx_word' id='word_1_235' title='bbox 954 2535 1044 2592; x_wconf 89' lang='lat' dir='ltr'><strong>neque</strong></span> <span class='ocrx_word' id='word_1_236' title='bbox 1053 2537 1083 2575; x_wconf 90' lang='lat' dir='ltr'><strong>se</strong></span> <span class='ocrx_word' id='word_1_237' title='bbox 1094 2537 1145 2594; x_wconf 89' lang='lat' dir='ltr'><strong>pro</strong></span> 
     </span>
     <span class='ocr_line' id='line_1_29' title="bbox 196 2591 1144 2672; baseline 0.005 -23"><span class='ocrx_word' id='word_1_238' title='bbox 196 2598 268 2664; x_wconf 80' lang='lat' dir='ltr'><strong>“eo,</strong></span> <span class='ocrx_word' id='word_1_239' title='bbox 280 2591 365 2668; x_wconf 77' lang='lat' dir='ltr'><strong>quod,</strong></span> <span class='ocrx_word' id='word_1_240' title='bbox 381 2594 545 2669; x_wconf 89' lang='lat' dir='ltr'><strong>spondendo</strong></span> <span class='ocrx_word' id='word_1_241' title='bbox 558 2613 666 2670; x_wconf 87' lang='lat' dir='ltr'><strong>paoem,</strong></span> <span class='ocrx_word' id='word_1_242' title='bbox 690 2596 849 2654; x_wconf 77' lang='lat' dir='ltr'><strong>servissent</strong></span> <span class='ocrx_word' id='word_1_243' title='bbox 870 2596 1025 2656; x_wconf 87' lang='lat' dir='ltr'><strong>exereitum</strong></span> <span class='ocrx_word' id='word_1_244' title='bbox 1048 2595 1144 2672; x_wconf 93' lang='lat' dir='ltr'><strong>populi</strong></span> 
     </span>
     <span class='ocr_line' id='line_1_30' title="bbox 196 2666 1144 2750; baseline 0.005 -23"><span class='ocrx_word' id='word_1_245' title='bbox 196 2671 358 2744; x_wconf 79' lang='lat' dir='ltr'><strong>“Romani,</strong></span> <span class='ocrx_word' id='word_1_246' title='bbox 373 2691 483 2748; x_wconf 87' lang='lat' dir='ltr'><strong>poenarn</strong></span> <span class='ocrx_word' id='word_1_247' title='bbox 498 2672 584 2730; x_wconf 84' lang='lat' dir='ltr'><strong>ullam</strong></span> <span class='ocrx_word' id='word_1_248' title='bbox 598 2666 712 2730; x_wconf 80' lang='lat' dir='ltr'><strong>meritos</strong></span> <span class='ocrx_word' id='word_1_249' title='bbox 724 2692 786 2731; x_wconf 90' lang='lat' dir='ltr'><strong>esse</strong></span> <span class='ocrx_word' id='word_1_250' title='bbox 798 2693 806 2744; x_wconf 83' lang='lat'>3</span> <span class='ocrx_word' id='word_1_251' title='bbox 827 2691 919 2750; x_wconf 86' lang='lat' dir='ltr'><strong>neque</strong></span> <span class='ocrx_word' id='word_1_252' title='bbox 932 2674 968 2731; x_wconf 89' lang='lat' dir='ltr'><strong>ad</strong></span> <span class='ocrx_word' id='word_1_253' title='bbox 979 2684 1144 2748; x_wconf 83' lang='lat' dir='ltr'><strong>extremum,</strong></span> 
     </span>
    </p>

    <p class='ocr_par' dir='ltr' id='par_1_4' title="bbox 197 2750 1180 2834">
     <span class='ocr_line' id='line_1_31' title="bbox 197 2750 1180 2834; baseline 0.004 -28"><span class='ocrx_word' id='word_1_254' title='bbox 197 2755 215 2786; x_wconf 75' lang='lat'><strong>‘⁶</strong></span> <span class='ocrx_word' id='word_1_255' title='bbox 225 2769 311 2826; x_wconf 88' lang='lat' dir='ltr'><strong>quum</strong></span> <span class='ocrx_word' id='word_1_256' title='bbox 325 2750 496 2808; x_wconf 86' lang='lat' dir='ltr'><strong>sacrosancti</strong></span> <span class='ocrx_word' id='word_1_257' title='bbox 510 2761 613 2824; x_wconf 88' lang='lat' dir='ltr'><strong>essent,</strong></span> <span class='ocrx_word' id='word_1_258' title='bbox 627 2751 693 2814; x_wconf 88' lang='lat' dir='ltr'><strong>dedi</strong></span> <span class='ocrx_word' id='word_1_259' title='bbox 706 2751 832 2834; x_wconf 76' lang='lat' dir='ltr'><strong>hostibus</strong></span> <span class='ocrx_word' id='word_1_260' title='bbox 846 2751 975 2812; x_wconf 78' lang='lat' dir='ltr'><strong>violarive</strong></span> <span class='ocrx_word' id='word_1_261' title='bbox 987 2754 1097 2829; x_wconf 80' lang='lat' dir='ltr'><strong>posse¹¹</strong></span> <span class='ocrx_word' id='word_1_262' title='bbox 1153 2763 1180 2804; x_wconf 68' lang='grc' dir='ltr'>ιι</span> 
     </span>
    </p>
   </div>
   <div class='ocr_carea' id='block_1_3' title="bbox 197 2905 1182 3767">
    <p class='ocr_par' dir='ltr' id='par_1_5' title="bbox 197 2905 1182 3767">
     <span class='ocr_line' id='line_1_32' title="bbox 237 2905 1145 2986; baseline 0.006 -23"><span class='ocrx_word' id='word_1_263' title='bbox 237 2905 291 2966; x_wconf 68' lang='lat' dir='ltr'><strong>lx</strong></span> <span class='ocrx_word' id='word_1_264' title='bbox 319 2907 396 2964; x_wconf 84' lang='lat' dir='ltr'><strong>Tum</strong></span> <span class='ocrx_word' id='word_1_265' title='bbox 411 2906 578 2979; x_wconf 79' lang='lat' dir='ltr'><strong>Postumius,</strong></span> <span class='ocrx_word' id='word_1_266' title='bbox 600 2907 741 2967; x_wconf 84' lang='lat' dir='ltr'><strong>“Interea</strong></span> <span class='ocrx_word' id='word_1_267' title='bbox 760 2910 883 2982; x_wconf 88' lang='lat' dir='ltr'><strong>dedite,”</strong></span> <span class='ocrx_word' id='word_1_268' title='bbox 905 2909 1004 2986; x_wconf 89' lang='lat' dir='ltr'><strong>iuquit,</strong></span> <span class='ocrx_word' id='word_1_269' title='bbox 1026 2909 1145 2986; x_wconf 84' lang='lat' dir='ltr'><strong>“proia-</strong></span> 
     </span>
     <span class='ocr_line' id='line_1_33' title="bbox 197 2985 1146 3062; baseline 0.005 -21"><span class='ocrx_word' id='word_1_270' title='bbox 197 2991 350 3058; x_wconf 51' lang='lat' dir='ltr'><strong>·‘nos¹nos‚</strong></span> <span class='ocrx_word' id='word_1_271' title='bbox 363 3006 432 3062; x_wconf 91' lang='lat' dir='ltr'><strong>quos</strong></span> <span class='ocrx_word' id='word_1_272' title='bbox 447 2986 522 3043; x_wconf 71' lang='lat' dir='ltr'><strong>salvs</strong></span> <span class='ocrx_word' id='word_1_273' title='bbox 546 2985 683 3062; x_wconf 84' lang='lat' dir='ltr'><strong>religione</strong></span> <span class='ocrx_word' id='word_1_274' title='bbox 695 2989 829 3062; x_wconf 87' lang='lat' dir='ltr'><strong>potestis:</strong></span> <span class='ocrx_word' id='word_1_275' title='bbox 862 2990 972 3048; x_wconf 86' lang='lat' dir='ltr'><strong>dedetis</strong></span> <span class='ocrx_word' id='word_1_276' title='bbox 991 2989 1095 3048; x_wconf 90' lang='lat' dir='ltr'><strong>deinde</strong></span> <span class='ocrx_word' id='word_1_277' title='bbox 1117 2999 1146 3046; x_wconf 89' lang='lat' dir='ltr'><strong>et</strong></span> 
     </span>
     <span class='ocr_line' id='line_1_34' title="bbox 197 3063 1145 3143; baseline 0.005 -24"><span class='ocrx_word' id='word_1_278' title='bbox 197 3063 293 3120; x_wconf 83' lang='lat' dir='ltr'><strong>“istos</strong></span> <span class='ocrx_word' id='word_1_279' title='bbox 306 3075 506 3136; x_wconf 81' lang='lat' dir='ltr'><strong>sacrosanctos,</strong></span> <span class='ocrx_word' id='word_1_280' title='bbox 521 3083 606 3138; x_wconf 89' lang='lat' dir='ltr'><strong>quum</strong></span> <span class='ocrx_word' id='word_1_281' title='bbox 620 3063 743 3138; x_wconf 79' lang='lat' dir='ltr'><strong>primirm</strong></span> <span class='ocrx_word' id='word_1_282' title='bbox 756 3067 919 3143; x_wconf 83' lang='lat' dir='ltr'><strong>magistratu</strong></span> <span class='ocrx_word' id='word_1_283' title='bbox 932 3067 1072 3138; x_wconf 79' lang='lat' dir='ltr'><strong>abieriut3</strong></span> <span class='ocrx_word' id='word_1_284' title='bbox 1086 3067 1145 3140; x_wconf 89' lang='lat' dir='ltr'><strong>sed,</strong></span> 
     </span>
     <span class='ocr_line' id='line_1_35' title="bbox 197 3141 1146 3218; baseline 0.005 -21"><span class='ocrx_word' id='word_1_285' title='bbox 197 3141 249 3197; x_wconf 83' lang='lat' dir='ltr'><strong>“si</strong></span> <span class='ocrx_word' id='word_1_286' title='bbox 264 3159 309 3198; x_wconf 91' lang='lat' dir='ltr'><strong>me</strong></span> <span class='ocrx_word' id='word_1_287' title='bbox 324 3143 452 3214; x_wconf 83' lang='lat' dir='ltr'><strong>audiatis,</strong></span> <span class='ocrx_word' id='word_1_288' title='bbox 466 3143 556 3218; x_wconf 79' lang='lat' dir='ltr'><strong>prius,</strong></span> <span class='ocrx_word' id='word_1_289' title='bbox 577 3141 822 3218; x_wconf 79' lang='lat' dir='ltr'><strong>quim-dedantur,</strong></span> <span class='ocrx_word' id='word_1_290' title='bbox 846 3145 894 3203; x_wconf 92' lang='lat' dir='ltr'><strong>hio</strong></span> <span class='ocrx_word' id='word_1_291' title='bbox 907 3145 937 3204; x_wconf 91' lang='lat' dir='ltr'><strong>in</strong></span> <span class='ocrx_word' id='word_1_292' title='bbox 957 3147 1071 3206; x_wconf 89' lang='lat' dir='ltr'><strong>comitio</strong></span> <span class='ocrx_word' id='word_1_293' title='bbox 1094 3145 1146 3203; x_wconf 85' lang='lat' dir='ltr'><strong>vir-</strong></span> 
     </span>
     <span class='ocr_line' id='line_1_36' title="bbox 197 3219 1182 3298; baseline 0.007 -23"><span class='ocrx_word' id='word_1_294' title='bbox 197 3225 217 3258; x_wconf 76' lang='lat'><strong>‘⁴</strong></span> <span class='ocrx_word' id='word_1_295' title='bbox 226 3219 270 3294; x_wconf 87' lang='lat' dir='ltr'><strong>gis</strong></span> <span class='ocrx_word' id='word_1_296' title='bbox 283 3237 381 3292; x_wconf 77' lang='lat' dir='ltr'><strong>caesoe,</strong></span> <span class='ocrx_word' id='word_1_297' title='bbox 395 3221 469 3278; x_wconf 91' lang='lat' dir='ltr'><strong>hanc</strong></span> <span class='ocrx_word' id='word_1_298' title='bbox 480 3221 540 3298; x_wconf 88' lang='lat' dir='ltr'><strong>jam</strong></span> <span class='ocrx_word' id='word_1_299' title='bbox 553 3231 585 3278; x_wconf 92' lang='lat' dir='ltr'><strong>ut</strong></span> <span class='ocrx_word' id='word_1_300' title='bbox 596 3221 768 3280; x_wconf 80' lang='lat' dir='ltr'><strong>intercalatae</strong></span> <span class='ocrx_word' id='word_1_301' title='bbox 782 3243 873 3298; x_wconf 76' lang='lat' dir='ltr'><strong>prante</strong></span> <span class='ocrx_word' id='word_1_302' title='bbox 886 3243 1000 3282; x_wconf 79' lang='lat' dir='ltr'><strong>arsuram</strong></span> <span class='ocrx_word' id='word_1_303' title='bbox 1014 3224 1144 3282; x_wconf 79' lang='lat' dir='ltr'><strong>habeant.</strong></span> <span class='ocrx_word' id='word_1_304' title='bbox 1154 3239 1182 3282; x_wconf 82' lang='lat'><strong>³5</strong></span> 
     </span>
     <span class='ocr_line' id='line_1_37' title="bbox 199 3295 1146 3379; baseline 0.006 -25"><span class='ocrx_word' id='word_1_305' title='bbox 199 3295 303 3354; x_wconf 82' lang='lat' dir='ltr'><strong>“Nam</strong></span> <span class='ocrx_word' id='word_1_306' title='bbox 317 3297 389 3372; x_wconf 81' lang='lat' dir='ltr'><strong>quod</strong></span> <span class='ocrx_word' id='word_1_307' title='bbox 402 3299 546 3358; x_wconf 91' lang='lat' dir='ltr'><strong>deditione</strong></span> <span class='ocrx_word' id='word_1_308' title='bbox 560 3299 656 3358; x_wconf 75' lang='lat' dir='ltr'><strong>nostri</strong></span> <span class='ocrx_word' id='word_1_309' title='bbox 669 3312 775 3378; x_wconf 83' lang='lat' dir='ltr'><strong>negant</strong></span> <span class='ocrx_word' id='word_1_310' title='bbox 792 3302 898 3360; x_wconf 83' lang='lat' dir='ltr'><strong>exsolvi</strong></span> <span class='ocrx_word' id='word_1_311' title='bbox 911 3303 1146 3379; x_wconf 82' lang='lat' dir='ltr'><strong>religionepppu·</strong></span> 
     </span>
     <span class='ocr_line' id='line_1_38' title="bbox 200 3375 1147 3456; baseline 0.004 -22"><span class='ocrx_word' id='word_1_312' title='bbox 200 3375 296 3441; x_wconf 84' lang='lat' dir='ltr'><strong>“lum‚</strong></span> <span class='ocrx_word' id='word_1_313' title='bbox 318 3375 346 3432; x_wconf 92' lang='lat' dir='ltr'><strong>id</strong></span> <span class='ocrx_word' id='word_1_314' title='bbox 367 3377 433 3434; x_wconf 86' lang='lat' dir='ltr'><strong>istos</strong></span> <span class='ocrx_word' id='word_1_315' title='bbox 453 3379 553 3456; x_wconf 86' lang='lat' dir='ltr'><strong>magis,</strong></span> <span class='ocrx_word' id='word_1_316' title='bbox 574 3398 611 3436; x_wconf 90' lang='lat' dir='ltr'><strong>ne</strong></span> <span class='ocrx_word' id='word_1_317' title='bbox 631 3379 779 3452; x_wconf 87' lang='lat' dir='ltr'><strong>dedantur,</strong></span> <span class='ocrx_word' id='word_1_318' title='bbox 798 3381 881 3454; x_wconf 74' lang='lat' dir='ltr'><strong>quim</strong></span> <span class='ocrx_word' id='word_1_319' title='bbox 907 3381 972 3456; x_wconf 90' lang='lat' dir='ltr'><strong>quia</strong></span> <span class='ocrx_word' id='word_1_320' title='bbox 992 3381 1031 3437; x_wconf 87' lang='lat' dir='ltr'><strong>ita</strong></span> <span class='ocrx_word' id='word_1_321' title='bbox 1050 3399 1080 3438; x_wconf 90' lang='lat' dir='ltr'><strong>se</strong></span> <span class='ocrx_word' id='word_1_322' title='bbox 1100 3399 1147 3438; x_wconf 88' lang='lat' dir='ltr'><strong>res</strong></span> 
     </span>
     <span class='ocr_line' id='line_1_39' title="bbox 199 3454 1145 3535; baseline 0.005 -23"><span class='ocrx_word' id='word_1_323' title='bbox 199 3454 338 3520; x_wconf 78' lang='lat' dir='ltr'><strong>“habeet,</strong></span> <span class='ocrx_word' id='word_1_324' title='bbox 360 3454 465 3527; x_wconf 88' lang='lat' dir='ltr'><strong>dicere,</strong></span> <span class='ocrx_word' id='word_1_325' title='bbox 487 3457 550 3532; x_wconf 85' lang='lat' dir='ltr'><strong>quis</strong></span> <span class='ocrx_word' id='word_1_326' title='bbox 573 3456 643 3515; x_wconf 75' lang='lat' dir='ltr'><strong>adeo</strong></span> <span class='ocrx_word' id='word_1_327' title='bbox 662 3457 733 3532; x_wconf 87' lang='lat' dir='ltr'><strong>juris</strong></span> <span class='ocrx_word' id='word_1_328' title='bbox 753 3458 893 3516; x_wconf 82' lang='lat' dir='ltr'><strong>fecialium</strong></span> <span class='ocrx_word' id='word_1_329' title='bbox 907 3459 1006 3534; x_wconf 86' lang='lat' dir='ltr'><strong>expers</strong></span> <span class='ocrx_word' id='word_1_330' title='bbox 1025 3469 1078 3532; x_wconf 82' lang='lat' dir='ltr'><strong>est,</strong></span> <span class='ocrx_word' id='word_1_331' title='bbox 1098 3459 1145 3535; x_wconf 87' lang='lat' dir='ltr'><strong>qui</strong></span> 
     </span>
     <span class='ocr_line' id='line_1_40' title="bbox 199 3531 1145 3613; baseline 0.01 -23"><span class='ocrx_word' id='word_1_332' title='bbox 199 3539 221 3572; x_wconf 76' lang='lat' dir='ltr'><strong>n</strong></span> <span class='ocrx_word' id='word_1_333' title='bbox 233 3533 364 3610; x_wconf 81' lang='lat' dir='ltr'><strong>ignoretl</strong></span> <span class='ocrx_word' id='word_1_334' title='bbox 405 3531 508 3610; x_wconf 87' lang='lat' dir='ltr'><strong>Neque</strong></span> <span class='ocrx_word' id='word_1_335' title='bbox 530 3555 588 3611; x_wconf 86' lang='lat' dir='ltr'><strong>ego</strong></span> <span class='ocrx_word' id='word_1_336' title='bbox 608 3533 717 3603; x_wconf 82' lang='lat' dir='ltr'><strong>inficias</strong></span> <span class='ocrx_word' id='word_1_337' title='bbox 729 3553 773 3604; x_wconf 91' lang='lat' dir='ltr'><strong>eo,</strong></span> <span class='ocrx_word' id='word_1_338' title='bbox 793 3535 890 3594; x_wconf 87' lang='lat' dir='ltr'><strong>Patres</strong></span> <span class='ocrx_word' id='word_1_339' title='bbox 913 3536 1073 3613; x_wconf 90' lang='lat' dir='ltr'><strong>conscripti,</strong></span> <span class='ocrx_word' id='word_1_340' title='bbox 1088 3549 1145 3600; x_wconf 85' lang='lat' dir='ltr'><strong>tam</strong></span> 
     </span>
     <span class='ocr_line' id='line_1_41' title="bbox 200 3610 1180 3689; baseline 0.004 -21"><span class='ocrx_word' id='word_1_341' title='bbox 200 3611 392 3687; x_wconf 78' lang='lat' dir='ltr'><strong>“sponsiones</strong></span> <span class='ocrx_word' id='word_1_342' title='bbox 414 3610 498 3686; x_wconf 72' lang='lat' dir='ltr'><strong>qnam</strong></span> <span class='ocrx_word' id='word_1_343' title='bbox 517 3614 624 3670; x_wconf 84' lang='lat' dir='ltr'><strong>foedera</strong></span> <span class='ocrx_word' id='word_1_344' title='bbox 643 3622 741 3670; x_wconf 88' lang='lat' dir='ltr'><strong>saneta</strong></span> <span class='ocrx_word' id='word_1_345' title='bbox 760 3631 821 3670; x_wconf 88' lang='lat' dir='ltr'><strong>esse</strong></span> <span class='ocrx_word' id='word_1_346' title='bbox 842 3615 915 3689; x_wconf 88' lang='lat' dir='ltr'><strong>apud</strong></span> <span class='ocrx_word' id='word_1_347' title='bbox 938 3633 987 3672; x_wconf 88' lang='lat' dir='ltr'><strong>eos</strong></span> <span class='ocrx_word' id='word_1_348' title='bbox 1007 3615 1180 3684; x_wconf 63' lang='lat' dir='ltr'><strong>hominesue</strong></span> 
     </span>
     <span class='ocr_line' id='line_1_42' title="bbox 202 3689 1145 3767; baseline 0.006 -19"><span class='ocrx_word' id='word_1_349' title='bbox 202 3697 221 3728; x_wconf 83' lang='grc'>“</span> <span class='ocrx_word' id='word_1_350' title='bbox 232 3691 304 3765; x_wconf 86' lang='lat' dir='ltr'><strong>apud</strong></span> <span class='ocrx_word' id='word_1_351' title='bbox 319 3692 388 3765; x_wconf 82' lang='lat' dir='ltr'><strong>quos&#39;</strong></span> <span class='ocrx_word' id='word_1_352' title='bbox 397 3690 476 3767; x_wconf 86' lang='lat' dir='ltr'><strong>juxte</strong></span> <span class='ocrx_word' id='word_1_353' title='bbox 489 3691 598 3748; x_wconf 84' lang='lat' dir='ltr'><strong>divinas</strong></span> <span class='ocrx_word' id='word_1_354' title='bbox 617 3689 768 3766; x_wconf 84' lang='lat' dir='ltr'><strong>religiones</strong></span> <span class='ocrx_word' id='word_1_355' title='bbox 791 3691 861 3748; x_wconf 86' lang='lat' dir='ltr'><strong>fides</strong></span> <span class='ocrx_word' id='word_1_356' title='bbox 884 3693 1008 3754; x_wconf 87' lang='lat' dir='ltr'><strong>humana</strong></span> <span class='ocrx_word' id='word_1_357' title='bbox 1027 3695 1145 3754; x_wconf 83' lang='lat' dir='ltr'><strong>colitur:</strong></span> 
     </span>
    </p>
   </div>
   <div class='ocr_carea' id='block_1_4' title="bbox 200 3767 1320 3850">
    <p class='ocr_par' dir='ltr' id='par_1_6' title="bbox 200 3767 1320 3850">
     <span class='ocr_line' id='line_1_43' title="bbox 200 3767 1320 3850; baseline 0.004 -24"><span class='ocrx_word' id='word_1_358' title='bbox 200 3769 278 3828; x_wconf 79' lang='lat' dir='ltr'><strong>“sed</strong></span> <span class='ocrx_word' id='word_1_359' title='bbox 293 3769 401 3846; x_wconf 87' lang='lat' dir='ltr'><strong>injussu</strong></span> <span class='ocrx_word' id='word_1_360' title='bbox 416 3767 508 3846; x_wconf 91' lang='lat' dir='ltr'><strong>populi</strong></span> <span class='ocrx_word' id='word_1_361' title='bbox 523 3781 601 3846; x_wconf 83' lang='lat' dir='ltr'><strong>nego·</strong></span> <span class='ocrx_word' id='word_1_362' title='bbox 619 3768 771 3844; x_wconf 89' lang='lat' dir='ltr'><strong>quidquam</strong></span> <span class='ocrx_word' id='word_1_363' title='bbox 784 3771 897 3838; x_wconf 51' lang='lat' dir='ltr'><strong>sanciri,</strong></span> <span class='ocrx_word' id='word_1_364' title='bbox 908 3791 999 3850; x_wconf 89' lang='lat' dir='ltr'><strong>posse,</strong></span> <span class='ocrx_word' id='word_1_365' title='bbox 1012 3774 1146 3850; x_wconf 86' lang='lat' dir='ltr'><strong>quodpo·</strong></span> <span class='ocrx_word' id='word_1_366' title='bbox 1247 3822 1252 3843; x_wconf 88' lang='grc'>,</span> <span class='ocrx_word' id='word_1_367' title='bbox 1319 3813 1320 3820; x_wconf 35' lang='grc' dir='ltr'>ι</span> 
     </span>
    </p>
   </div>
   <div class='ocr_carea' id='block_1_5' title="bbox 0 0 1333 4338">
    <p class='ocr_par' dir='ltr' id='par_1_7' title="bbox 0 0 1333 4338">
     <span class='ocr_line' id='line_1_44' title="bbox 0 0 1333 4338; baseline 0 0"><span class='ocrx_word' id='word_1_368' title='bbox 0 0 1333 4338; x_wconf 95' lang='lat' dir='ltr'><strong> </strong></span> 
     </span>
    </p>
   </div>
  </div>
 </body>
</html>
