2648 4338
202 335 262 406 ,ιω
591 331 755 414 rrrruvn

204 483 286 539 “neo
300 495 367 538 oum
381 477 564 551 Samniribus,
578 497 645 539 oum
656 479 760 554 quibus
770 477 841 536 nihil
851 477 957 555 egistis
974 479 1155 558 'Spmniti'trus

204 559 380 632 “sponsores
400 578 451 620 nos
472 578 578 632 sumus,
592 558 633 622 rei
653 557 720 618 satis
746 557 909 634 locupletes.
963 557 996 630 In
1017 559 1056 632 id,
1076 562 1153 636 quod

203 641 222 673 ‘⁴
231 648 359 697 nostrum
368 647 411 694 est
422 657 430 706 ;
440 686 442 692 .
451 637 480 695 in
495 637 532 708 id,
543 637 616 713 quod
625 648 755 713 praestare
763 655 921 712 possumus,
930 656 1045 712 corpora
1058 651 1155 714 nostra

205 720 259 772 “et
274 715 382 776 animos
394 736 402 786 ;
417 715 445 773 in
456 717 516 775 ineo
527 715 643 774 saeviant
654 735 661 785 ;
674 716 704 772 in
716 716 777 782 hsta
786 715 900 785 serrum,
911 716 939 772 in
951 716 1075 774 haeo'iras
1086 737 1154 778 acu·

203 799 289 850 “ant.
317 793 404 856 Quod
414 795 450 852 ad
460 795 587 853 tribunos
596 794 702 865 attinet,
714 793 862 866 consulite,
872 793 1094 870 utrrimpraesens
1105 797 1154 854 de·
1176 811 1190 852 s

203 873 300 932 “ditio
314 892 410 934 eorum
425 873 485 932 fieri
499 872 595 952 possit,
608 888 645 933 ao
656 873 686 948 in
700 873 775 947 diem
786 873 938 932 differatur.
960 871 1154 948 Nos'interim,
1229 911 1233 920 .

203 955 222 1014 .“
231 950 267 1011 Τ.
283 951 392 1024 Veturi,
407 971 509 1028 vosque
524 952 627 1022 oaeteri,
642 947 708 1010 vilia
721 951 891 1028 haeo'oapita
903 951 1016 1010 tuenda
1029 954 1155 1029 sponsio-
1171 1023 1174 1030 Ι

202 1029 273 1088 “uis
287 1029 418 1100 seramus,
434 1044 462 1090 et
475 1041 569 1090 nostro
581 1031 719 1116 supplicio
735 1029 887 1114 libisr'emus
900 1027 1034 1090 Romana
1047 1033 1154 1092 arma.”

241 1187 279 1246 X.
301 1187 391 1250 Movit
404 1189 501 1250 Patres
514 1189 688 1265 conscriptos
700 1183 762 1248 tuni
780 1208 875 1263 causa,
888 1199 948 1248 tum
962 1200 1060 1249 auctor
1071 1211 1154 1262 3311eo
1242 1261 1244 1268 Ι

200 1277 320 1338 oaeteros
334 1268 435 1336 solum,
450 1269 500 1326 sed
514 1269 641 1326 tribunos
663 1269 748 1326 etiam
772 1267 873 1344 plebei,
891 1280 928 1340 ut
946 1287 976 1326 se
996 1270 1030 1334 in
1041 1273 1154 1331 senatus
1165 1288 1189 1328 ro

201 1345 331 1406 dicerent
345 1347 403 1405 so're
416 1358 577 1422 potestate:
593 1347 769 1424 Magistrum
784 1346 853 1404 inde
874 1367 904 1406 se
922 1348 1062 1424 extemplo
1076 1349 1155 1408 abdi·
1196 1347 1199 1354 '
1238 1353 1242 1360 '

201 1437 345 1496 naverunt,
354 1425 507 1501 'traditique
522 1426 668 1487 socialibus
682 1445 748 1484 curn
769 1426 879 1486 caeteris
892 1427 1033 1492 Gaudium
1047 1428 1155 1486 ducen-

200 1504 238 1562 di.
281 1505 345 1562 Hoc
354 1503 428 1566 faoto
439 1507 701 1578 senatis-consulto,
712 1504 760 1562 iux
771 1505 899 1580 quaedam
911 1505 1047 1564 affulsisse
1059 1507 1155 1566 civita·
1198 1535 1202 1543 Δ

201 1583 221 1642 ti
237 1583 295 1653 visa
308 1594 359 1642 est.
401 1583 602 1654 Postumiusin
616 1603 663 1642 ore
677 1594 754 1654 erat;
778 1603 844 1641 eum
857 1583 989 1642 laudibus
1003 1585 1038 1642 ad
1050 1586 1152 1644 ooelum

202 1661 347 1722 ferebant:
368 1662 508 1724 devotioni
522 1663 554 1720 P.
569 1663 652 1722 Decii
666 1661 800 1730 consulis,
812 1662 873 1720 aliis
885 1663 967 1720 claris
982 1663 1153 1722 facinoribus
1164 1683 1188 1722 15

180 1805 183 1817 k
200 1741 357 1815 aquabant.
399 1749 418 1778 “
427 1741 583 1800 Emersisse
597 1742 738 1800 civitatem
752 1760 788 1799 ex
795 1742 917 1800 obnoxii
925 1755 995 1817 pa‘ce
1004 1741 1078 1800 illius
1087 1763 1153 1802 oon·

200 1825 219 1856 “
228 1820 291 1878 siiio
304 1831 333 1878 et
345 1824 448 1896 operi:
470 1821 560 1897 ipsum
575 1840 605 1878 se
618 1820 793 1882 eruciatibus
808 1832 837 1879 et
848 1821 970 1878 hostium
985 1821 1151 1892 iraofferra

200 1899 394 1975 “piaculaque
407 1919 457 1976 pro
470 1900 571 1976 populo
585 1900 717 1961 Romano
731 1899 827 1958 dare.’'
860 1901 950 1958 Arma
963 1901 1060 1960 cuncti
1074 1921 1153 1978 speo-

201 1987 262 2038 tartt
275 1990 304 2036 et
318 1977 431 2037 beilum.
473 1987 491 2016 ‘⁴
503 1979 547 2060 Eu
563 1999 686 2054 unquam
708 1979 841 2051 futurum,
862 1990 893 2038 ut
906 1980 1042 2056 congredi
1065 2000 1154 2038 arma·

201 2057 265 2116 “tis
279 2077 345 2116 oum
360 2058 487 2118 Samnite
501 2058 605 2116 licenti
615 2059 631 2086 ”
672 2059 707 2116 In
722 2057 835 2132 civitate
848 2058 888 2116 irai
911 2059 1031 2135 odioque
1055 2060 1189 2118 arden-so

199 2146 238 2208 te,
249 2137 376 2198 delectus
390 2139 473 2213 prope
487 2138 612 2196 omniurn
628 2137 844 2204 voluntariorum
859 2137 929 2196 fuit:
963 2139 1104 2216 rescripta
1118 2158 1155 2198 ex
1193 2169 1194 2172 ¹

199 2217 300 2274 eodem
316 2216 403 2274 milite
418 2235 496 2274 novae
520 2217 656 2292 legiones,
679 2217 837 2292 ductusque
858 2217 894 2274 ad
919 2215 1061 2276 Caudium
1074 2237 1153 2276 exer·

200 2293 281 2352 citus.
324 2295 474 2372 Progressi
489 2295 613 2363 feciales,
627 2295 724 2354 ubi'ad
738 2307 844 2372 portam
859 2299 973 2364 venere,
989 2308 1095 2355 vestem
1105 2297 1153 2356 de·

200 2373 272 2430 trahi
286 2375 364 2448 pacis
377 2375 557 2449 sponsoribus
575 2375 685 2451 jubent,
709 2389 810 2442 manus
830 2385 893 2450 post
911 2387 1021 2451 tergum
1043 2377 1152 2434 vinciri.

199 2449 298 2516 Quum
314 2453 451 2528 apparitor
466 2454 637 2526 verecundis
650 2453 803 2532 majestatis
823 2451 999 2512 Postumium
1012 2453 1076 2512 laxe
1092 2451 1188 2512 vin-ss

202 2530 283 2598 ciret,
306 2538 323 2567 a
334 2530 416 2594 Quin
431 2532 491 2602 tu‚'’
504 2532 609 2607 inquit,¹
622 2532 768 2602 “adducis
780 2532 878 2602 iorum,
895 2543 932 2590 -ut
949 2533 1025 2610 justa
1038 2533 1086 2590 fiat
1106 2535 1154 2592 ds·

202 2609 354 2670 “uitiot’t
390 2611 477 2684 Tum,
502 2611 549 2669 ubi
571 2611 600 2669 i'n
625 2623 730 2670 ooetum
754 2608 924 2674 Samnitium
938 2611 1168 2672 etadtribunal'

193 2687 316 2748 'rentum
339 2689 431 2748 Pontii
458 2703 511 2763 est,
527 2692 561 2748 A.
584 2690 734 2750 Cornelius
758 2689 867 2748 Arvina
887 2689 995 2748 fecialis
1009 2691 1048 2748 ita
1067 2691 1153 2748 verba

193 2767 287 2828 ¹fecit:
318 2774 337 2805 “
345 2768 525 2844 Quandoque
549 2769 614 2828 hine
634 2769 764 2828 homines
787 2768 895 2846 injussu
916 2769 1011 2846 popuii
1027 2769 1152 2828 Romani
1230 2767 1235 2776 '

201 2846 385 2909 “Quiritium
410 2849 500 2906 soedus
523 2847 610 2910 ictum
634 2848 667 2906 iri
689 2847 908 2926 spoponderunt,
930 2860 1013 2926 atque
1032 2849 1069 2908 ob
1089 2862 1188 2907 eamao
1282 2933 1284 2936 Ι

201 2930 220 2961 “
230 2946 289 2984 rem
304 2946 404 2986 noxam
419 2937 596 2996 nocuerunt3
629 2928 742 2988 obeam
763 2945 832 2996 rem,
846 2927 901 3004 quo
910 2929 1034 3008 populus
1047 2929 1164 3003 Roma*

201 3009 220 3040 ‘⁸
229 3024 284 3069 nus
304 3007 410 3064 sceiere
424 3006 509 3082 impio
533 3007 568 3064 sit
581 3005 697 3075 solutus,
712 3007 797 3064 hosce
816 3005 947 3088 homines
959 3009 1037 3067 vobis
1050 3007 1152 3067 ded0.'’

201 3081 275 3140 Haeo
288 3085 393 3144 dicenti
407 3085 500 3145 feciali
514 3083 673 3142 Postumius
695 3103 772 3162 genu
796 3083 897 3160 femur,
910 3088 1016 3162 quanti
1029 3084 1152 3146 maxime

134 3199 138 3204 -
199 3171 310 3238 poterat
324 3163 359 3232 vi,
373 3160 502 3240 perculit,
523 3173 552 3222 et
565 3163 641 3224 clara
657 3183 725 3224 vooe
739 3162 786 3236 ait,
808 3169 867 3234 “se
889 3166 1048 3225 Samnitem
1060 3166 1151 3224 civem
1219 3187 1223 3195 ·

201 3243 220 3275 ‘·'
228 3257 301 3308 esse,
316 3243 395 3300 iilum
408 3243 549 3320 legatum3
571 3241 732 3302 fecialema
744 3261 775 3300 se
789 3253 888 3302 eontra
895 3245 943 3326 jus
954 3245 1081 3324 gentium
1092 3246 1188 3318 rio-sa
1224 3271 1229 3282 ·

188 3318 305 3390 .latum;
326 3319 360 3378 eri
371 3321 473 3398 justius
487 3321 591 3382 bellum
604 3322 760 3402 gesturos.’'
1212 3331 1216 3338 '

211 3475 296 3548 „XL
317 3477 394 3542 Tum
416 3479 543 3554 Ponti-us,
564 3479 659 3542 “Neo
673 3500 727 3558 ego
748 3480 831 3551 istam
851 3481 1023 3540 deditionem
1047 3482 1152 3560 aooipi·

202 3557 418 3632 “amss'jrrquit
439 3562 522 3618 “neo
536 3559 678 3630 Samnites
698 3568 787 3622 ratam
810 3561 964 3636 habebunt.
1003 3559 1086 3624 Quin
1101 3553 1155 3638 'tu,.

187 3640 221 3680 ·¹‘
233 3639 281 3714 Sp.
292 3635 426 3708 Postumi
439 3637 464 3696 si
490 3639 567 3700 Deos
584 3655 649 3702 esse
673 3655 783 3710 nenses,
797 3648 846 3699 aut
857 3639 954 3697 omnia
974 3639 1052 3698 irrita
1070 3639 1150 3716 sapis,

201 3719 372 3794 “rautpapto
384 3717 461 3779 stasi
502 3715 623 3787 Samniti
631 3716 739 3793 ,populo
751 3736 859 3786 omues,
880 3735 950 3793 quos
971 3719 1000 3794 in
1011 3731 1184 3796 potestates
1241 3749 1244 3760 ·

201 3795 336 3880 tumuit,
345 3806 398 3892 ‘aut
411 3815 460 3878 pro
473 3795 515 3856 eis
528 3814 583 3874 pax
596 3795 723 3866 debetur.
764 3797 821 3859 Sed
835 3796 907 3874 quid.
915 3793 969 3878 &30
982 3811 1010 3858 te
1029 3799 1149 3878 appello,
