<?xml version="1.0" encoding="UTF-8"?>
<!DOCTYPE html PUBLIC "-//W3C//DTD XHTML 1.0 Transitional//EN"
    "http://www.w3.org/TR/xhtml1/DTD/xhtml1-transitional.dtd">
<html xmlns="http://www.w3.org/1999/xhtml" xml:lang="en" lang="en">
 <head>
  <title>
</title>
<meta http-equiv="Content-Type" content="text/html;charset=utf-8" />
  <meta name='ocr-system' content='tesseract 3.04.00' />
  <meta name='ocr-capabilities' content='ocr_page ocr_carea ocr_par ocr_line ocrx_word'/>
</head>
<body>
  <div class='ocr_page' id='page_1' title='image "./historiarumetse00livygoog_0074.png"; bbox 0 0 2648 4340; ppageno 0'>
   <div class='ocr_carea' id='block_1_1' title="bbox 458 320 1100 446">
    <p class='ocr_par' dir='ltr' id='par_1_1' title="bbox 458 320 1100 446">
     <span class='ocr_line' id='line_1_1' title="bbox 458 320 1100 446; baseline 0.016 -34"><span class='ocrx_word' id='word_1_1' title='bbox 458 439 461 446; x_wconf 84' lang='lat'><em>.</em></span> <span class='ocrx_word' id='word_1_2' title='bbox 479 320 582 413; x_wconf 79' lang='lat' dir='ltr'><strong>alanta</strong></span> <span class='ocrx_word' id='word_1_3' title='bbox 598 361 618 412; x_wconf 90' lang='lat'><strong>1.</strong></span> <span class='ocrx_word' id='word_1_4' title='bbox 646 369 707 414; x_wconf 65' lang='lat' dir='ltr'><strong>err.</strong></span> <span class='ocrx_word' id='word_1_5' title='bbox 718 366 771 413; x_wconf 73' lang='lat' dir='ltr'><strong>tn.</strong></span> <span class='ocrx_word' id='word_1_6' title='bbox 1060 345 1100 422; x_wconf 62' lang='grc' dir='ltr'><strong>δὲ</strong></span> 
     </span>
    </p>
   </div>
   <div class='ocr_carea' id='block_1_2' title="bbox 119 497 1100 978">
    <p class='ocr_par' dir='ltr' id='par_1_2' title="bbox 119 497 1100 978">
     <span class='ocr_line' id='line_1_2' title="bbox 140 497 1100 586; baseline 0 -24"><span class='ocrx_word' id='word_1_7' title='bbox 140 503 244 570; x_wconf 82' lang='lat' dir='ltr'><strong>ordine</strong></span> <span class='ocrx_word' id='word_1_8' title='bbox 254 497 357 580; x_wconf 85' lang='lat' dir='ltr'><strong>&#39;omnes</strong></span> <span class='ocrx_word' id='word_1_9' title='bbox 376 503 493 586; x_wconf 67' lang='lat' dir='ltr'><strong>lidema</strong></span> <span class='ocrx_word' id='word_1_10' title='bbox 513 501 693 576; x_wconf 81' lang='lat' dir='ltr'><strong>consolantur</strong></span> <span class='ocrx_word' id='word_1_11' title='bbox 717 521 820 584; x_wconf 78' lang='lat' dir='ltr'><strong>egram</strong></span> <span class='ocrx_word' id='word_1_12' title='bbox 834 501 932 572; x_wconf 88' lang='lat' dir='ltr'><strong>animi,</strong></span> <span class='ocrx_word' id='word_1_13' title='bbox 946 501 1100 562; x_wconf 78' lang='lat' dir='ltr'><strong>avertendo</strong></span> 
     </span>
     <span class='ocr_line' id='line_1_3' title="bbox 141 584 1098 660; baseline 0.002 -20"><span class='ocrx_word' id='word_1_14' title='bbox 141 589 247 641; x_wconf 80' lang='lat' dir='ltr'><strong>noxam</strong></span> <span class='ocrx_word' id='word_1_15' title='bbox 263 584 299 640; x_wconf 87' lang='lat' dir='ltr'><strong>&#39;ab</strong></span> <span class='ocrx_word' id='word_1_16' title='bbox 313 586 414 644; x_wconf 76' lang='lat' dir='ltr'><strong>coacta</strong></span> <span class='ocrx_word' id='word_1_17' title='bbox 429 585 456 642; x_wconf 91' lang='lat' dir='ltr'><strong>in</strong></span> <span class='ocrx_word' id='word_1_18' title='bbox 471 597 613 643; x_wconf 84' lang='lat' dir='ltr'><strong>auctorem</strong></span> <span class='ocrx_word' id='word_1_19' title='bbox 626 585 739 644; x_wconf 83' lang='lat' dir='ltr'><strong>delicti:</strong></span> <span class='ocrx_word' id='word_1_20' title='bbox 761 595 884 646; x_wconf 85' lang='lat' dir='ltr'><strong>mentem</strong></span> <span class='ocrx_word' id='word_1_21' title='bbox 896 587 1025 660; x_wconf 83' lang='lat' dir='ltr'><strong>peccare,</strong></span> <span class='ocrx_word' id='word_1_22' title='bbox 1039 601 1098 642; x_wconf 88' lang='lat' dir='ltr'><strong>non</strong></span> 
     </span>
     <span class='ocr_line' id='line_1_4' title="bbox 141 661 1098 740; baseline 0.001 -21"><span class='ocrx_word' id='word_1_23' title='bbox 141 673 264 738; x_wconf 74' lang='lat' dir='ltr'><strong>co&#39;rpust</strong></span> <span class='ocrx_word' id='word_1_24' title='bbox 286 674 324 728; x_wconf 90' lang='lat' dir='ltr'><strong>et,</strong></span> <span class='ocrx_word' id='word_1_25' title='bbox 340 664 415 720; x_wconf 91' lang='lat' dir='ltr'><strong>unde</strong></span> <span class='ocrx_word' id='word_1_26' title='bbox 429 665 578 722; x_wconf 88' lang='lat' dir='ltr'><strong>consilium</strong></span> <span class='ocrx_word' id='word_1_27' title='bbox 593 663 843 740; x_wconf 88' lang='lat' dir='ltr'><strong>abfuerit‚culpam</strong></span> <span class='ocrx_word' id='word_1_28' title='bbox 853 664 959 722; x_wconf 85' lang='lat' dir='ltr'><strong>abesse.</strong></span> <span class='ocrx_word' id='word_1_29' title='bbox 981 665 1000 698; x_wconf 67' lang='lat'><strong>‘³</strong></span> <span class='ocrx_word' id='word_1_30' title='bbox 1010 661 1098 734; x_wconf 86' lang='lat' dir='ltr'><strong>Vos,”</strong></span> 
     </span>
     <span class='ocr_line' id='line_1_5' title="bbox 142 740 1100 820; baseline 0.001 -22"><span class='ocrx_word' id='word_1_31' title='bbox 142 740 246 817; x_wconf 85' lang='lat' dir='ltr'><strong>inquit,</strong></span> <span class='ocrx_word' id='word_1_32' title='bbox 254 745 279 778; x_wconf 71' lang='lat'><strong>“‘</strong></span> <span class='ocrx_word' id='word_1_33' title='bbox 289 743 422 817; x_wconf 84' lang='lat' dir='ltr'><strong>videritis,</strong></span> <span class='ocrx_word' id='word_1_34' title='bbox 436 743 501 819; x_wconf 86' lang='lat' dir='ltr'><strong>quid</strong></span> <span class='ocrx_word' id='word_1_35' title='bbox 514 743 553 801; x_wconf 91' lang='lat' dir='ltr'><strong>illi</strong></span> <span class='ocrx_word' id='word_1_36' title='bbox 572 744 727 802; x_wconf 78' lang='lat' dir='ltr'><strong>debeaturt</strong></span> <span class='ocrx_word' id='word_1_37' title='bbox 757 762 820 820; x_wconf 86' lang='lat' dir='ltr'><strong>ego,</strong></span> <span class='ocrx_word' id='word_1_38' title='bbox 844 761 900 816; x_wconf 89' lang='lat' dir='ltr'><strong>me,</strong></span> <span class='ocrx_word' id='word_1_39' title='bbox 914 741 967 802; x_wconf 85' lang='lat' dir='ltr'><strong>etsi</strong></span> <span class='ocrx_word' id='word_1_40' title='bbox 980 753 1100 818; x_wconf 88' lang='lat' dir='ltr'><strong>peccato</strong></span> 
     </span>
     <span class='ocr_line' id='line_1_6' title="bbox 119 815 1099 898; baseline 0.001 -21"><span class='ocrx_word' id='word_1_41' title='bbox 119 823 160 884; x_wconf 77' lang='lat'><strong>5“</strong></span> <span class='ocrx_word' id='word_1_42' title='bbox 172 821 299 894; x_wconf 84' lang='lat' dir='ltr'><strong>absolvo,</strong></span> <span class='ocrx_word' id='word_1_43' title='bbox 310 815 447 898; x_wconf 62' lang='lat' dir='ltr'><strong>dupplicio</strong></span> <span class='ocrx_word' id='word_1_44' title='bbox 461 843 518 880; x_wconf 90' lang='lat' dir='ltr'><strong>nou</strong></span> <span class='ocrx_word' id='word_1_45' title='bbox 532 821 638 880; x_wconf 85' lang='lat' dir='ltr'><strong>libero:</strong></span> <span class='ocrx_word' id='word_1_46' title='bbox 669 841 724 881; x_wconf 87' lang='lat' dir='ltr'><strong>nec</strong></span> <span class='ocrx_word' id='word_1_47' title='bbox 748 821 805 880; x_wconf 87' lang='lat' dir='ltr'><strong>ulla</strong></span> <span class='ocrx_word' id='word_1_48' title='bbox 827 821 931 880; x_wconf 85' lang='lat' dir='ltr'><strong>deinde</strong></span> <span class='ocrx_word' id='word_1_49' title='bbox 953 822 1099 898; x_wconf 85' lang='lat' dir='ltr'><strong>impudica</strong></span> 
     </span>
     <span class='ocr_line' id='line_1_7' title="bbox 141 897 1099 978; baseline -0.002 -20"><span class='ocrx_word' id='word_1_50' title='bbox 141 903 161 934; x_wconf 88' lang='lat'><strong>“</strong></span> <span class='ocrx_word' id='word_1_51' title='bbox 172 897 317 958; x_wconf 83' lang='lat' dir='ltr'><strong>Lucretiae</strong></span> <span class='ocrx_word' id='word_1_52' title='bbox 331 903 460 978; x_wconf 84' lang='lat' dir='ltr'><strong>exemplo</strong></span> <span class='ocrx_word' id='word_1_53' title='bbox 474 902 575 960; x_wconf 88' lang='lat' dir='ltr'><strong>vivet.&#39;’</strong></span> <span class='ocrx_word' id='word_1_54' title='bbox 617 901 758 973; x_wconf 88' lang='lat' dir='ltr'><strong>Cultrum,</strong></span> <span class='ocrx_word' id='word_1_55' title='bbox 780 918 863 976; x_wconf 90' lang='lat' dir='ltr'><strong>quem</strong></span> <span class='ocrx_word' id='word_1_56' title='bbox 888 901 941 959; x_wconf 88' lang='lat' dir='ltr'><strong>sub</strong></span> <span class='ocrx_word' id='word_1_57' title='bbox 959 914 1037 958; x_wconf 85' lang='lat' dir='ltr'><strong>veste</strong></span> <span class='ocrx_word' id='word_1_58' title='bbox 1051 901 1099 958; x_wconf 84' lang='lat' dir='ltr'><strong>ab·</strong></span> 
     </span>
    </p>
   </div>
   <div class='ocr_carea' id='block_1_3' title="bbox 141 980 1141 1059">
    <p class='ocr_par' dir='ltr' id='par_1_3' title="bbox 141 980 1141 1059">
     <span class='ocr_line' id='line_1_8' title="bbox 141 980 1141 1059; baseline 0 -23"><span class='ocrx_word' id='word_1_59' title='bbox 141 981 235 1037; x_wconf 88' lang='lat' dir='ltr'><strong>ditum</strong></span> <span class='ocrx_word' id='word_1_60' title='bbox 251 980 380 1053; x_wconf 88' lang='lat' dir='ltr'><strong>habebat,</strong></span> <span class='ocrx_word' id='word_1_61' title='bbox 394 1001 459 1038; x_wconf 91' lang='lat' dir='ltr'><strong>eum</strong></span> <span class='ocrx_word' id='word_1_62' title='bbox 475 981 504 1038; x_wconf 91' lang='lat' dir='ltr'><strong>in</strong></span> <span class='ocrx_word' id='word_1_63' title='bbox 519 982 604 1044; x_wconf 86' lang='lat' dir='ltr'><strong>corde</strong></span> <span class='ocrx_word' id='word_1_64' title='bbox 615 981 731 1059; x_wconf 89' lang='lat' dir='ltr'><strong>deligit:</strong></span> <span class='ocrx_word' id='word_1_65' title='bbox 752 981 935 1057; x_wconf 81' lang='lat' dir='ltr'><strong>prolapsaque</strong></span> <span class='ocrx_word' id='word_1_66' title='bbox 946 980 975 1040; x_wconf 88' lang='lat' dir='ltr'><strong>iu</strong></span> <span class='ocrx_word' id='word_1_67' title='bbox 987 980 1098 1048; x_wconf 83' lang='lat' dir='ltr'><strong>vulnus,</strong></span> <span class='ocrx_word' id='word_1_68' title='bbox 1139 1041 1141 1048; x_wconf 23' lang='lat'><strong>¹</strong></span> 
     </span>
    </p>
   </div>
   <div class='ocr_carea' id='block_1_4' title="bbox 141 1059 894 1138">
    <p class='ocr_par' dir='ltr' id='par_1_4' title="bbox 141 1059 894 1138">
     <span class='ocr_line' id='line_1_9' title="bbox 141 1059 894 1138; baseline 0 -22"><span class='ocrx_word' id='word_1_69' title='bbox 141 1059 314 1118; x_wconf 88' lang='lat' dir='ltr'><strong>moribunda</strong></span> <span class='ocrx_word' id='word_1_70' title='bbox 327 1060 441 1118; x_wconf 88' lang='lat' dir='ltr'><strong>cecidit.</strong></span> <span class='ocrx_word' id='word_1_71' title='bbox 483 1060 673 1119; x_wconf 76' lang='lat' dir='ltr'><strong>Conclamant</strong></span> <span class='ocrx_word' id='word_1_72' title='bbox 686 1061 727 1118; x_wconf 84' lang='lat' dir='ltr'><strong>tir</strong></span> <span class='ocrx_word' id='word_1_73' title='bbox 741 1071 894 1138; x_wconf 77' lang='lat' dir='ltr'><strong>paterque·</strong></span> 
     </span>
    </p>
   </div>
   <div class='ocr_carea' id='block_1_5' title="bbox 183 1215 1099 1294">
    <p class='ocr_par' dir='ltr' id='par_1_5' title="bbox 183 1215 1099 1294">
     <span class='ocr_line' id='line_1_10' title="bbox 183 1215 1099 1294; baseline 0.001 -19"><span class='ocrx_word' id='word_1_74' title='bbox 183 1215 264 1293; x_wconf 83' lang='lat' dir='ltr'>LIX.</span> <span class='ocrx_word' id='word_1_75' title='bbox 298 1217 411 1286; x_wconf 89' lang='lat' dir='ltr'><strong>Brutus,</strong></span> <span class='ocrx_word' id='word_1_76' title='bbox 438 1215 492 1276; x_wconf 93' lang='lat' dir='ltr'><strong>illis</strong></span> <span class='ocrx_word' id='word_1_77' title='bbox 514 1217 600 1286; x_wconf 61' lang='lat' dir='ltr'><strong>luctux</strong></span> <span class='ocrx_word' id='word_1_78' title='bbox 617 1218 772 1294; x_wconf 88' lang='lat' dir='ltr'><strong>occupatis,</strong></span> <span class='ocrx_word' id='word_1_79' title='bbox 787 1218 918 1289; x_wconf 87' lang='lat' dir='ltr'><strong>cultrum,</strong></span> <span class='ocrx_word' id='word_1_80' title='bbox 933 1234 967 1275; x_wconf 82' lang='lat' dir='ltr'><strong>ex</strong></span> <span class='ocrx_word' id='word_1_81' title='bbox 983 1217 1099 1276; x_wconf 86' lang='lat' dir='ltr'><strong>vulnere</strong></span> 
     </span>
    </p>
   </div>
   <div class='ocr_carea' id='block_1_6' title="bbox 22 1295 1099 1374">
    <p class='ocr_par' dir='ltr' id='par_1_6' title="bbox 22 1295 1099 1374">
     <span class='ocr_line' id='line_1_11' title="bbox 22 1295 1099 1374; baseline 0 -20"><span class='ocrx_word' id='word_1_82' title='bbox 22 1337 24 1364; x_wconf 71' lang='lat'><strong>,</strong></span> <span class='ocrx_word' id='word_1_83' title='bbox 110 1325 132 1363; x_wconf 88' lang='lat' dir='ltr'><strong>m</strong></span> <span class='ocrx_word' id='word_1_84' title='bbox 142 1295 286 1354; x_wconf 71' lang='lat' dir='ltr'><strong>Lucretiae</strong></span> <span class='ocrx_word' id='word_1_85' title='bbox 300 1308 467 1372; x_wconf 82' lang='lat' dir='ltr'><strong>extractum,</strong></span> <span class='ocrx_word' id='word_1_86' title='bbox 482 1309 644 1356; x_wconf 85' lang='lat' dir='ltr'><strong>manantem</strong></span> <span class='ocrx_word' id='word_1_87' title='bbox 659 1316 758 1356; x_wconf 87' lang='lat' dir='ltr'><strong>cruore</strong></span> <span class='ocrx_word' id='word_1_88' title='bbox 773 1317 829 1374; x_wconf 77' lang='lat' dir='ltr'><strong>prae</strong></span> <span class='ocrx_word' id='word_1_89' title='bbox 843 1315 874 1355; x_wconf 86' lang='lat' dir='ltr'><strong>se</strong></span> <span class='ocrx_word' id='word_1_90' title='bbox 887 1307 998 1368; x_wconf 87' lang='lat' dir='ltr'><strong>tenens,</strong></span> <span class='ocrx_word' id='word_1_91' title='bbox 1016 1301 1035 1332; x_wconf 81' lang='lat'><strong>‘⁴</strong></span> <span class='ocrx_word' id='word_1_92' title='bbox 1045 1297 1099 1354; x_wconf 77' lang='lat' dir='ltr'><strong>Per</strong></span> 
     </span>
    </p>
   </div>
   <div class='ocr_carea' id='block_1_7' title="bbox 140 1375 1100 1692">
    <p class='ocr_par' dir='ltr' id='par_1_7' title="bbox 140 1375 1100 1692">
     <span class='ocr_line' id='line_1_12' title="bbox 140 1375 1100 1460; baseline 0.001 -27"><span class='ocrx_word' id='word_1_93' title='bbox 140 1379 159 1411; x_wconf 90' lang='lat'><strong>“</strong></span> <span class='ocrx_word' id='word_1_94' title='bbox 173 1377 395 1454; x_wconf 85' lang='lat' dir='ltr'><strong>hune,&#39;’inquit‚</strong></span> <span class='ocrx_word' id='word_1_95' title='bbox 423 1377 640 1436; x_wconf 85' lang='lat' dir='ltr'><strong>“castissimum</strong></span> <span class='ocrx_word' id='word_1_96' title='bbox 664 1387 729 1434; x_wconf 87' lang='lat' dir='ltr'><strong>ante</strong></span> <span class='ocrx_word' id='word_1_97' title='bbox 751 1376 858 1460; x_wconf 84' lang='lat' dir='ltr'><strong>regiam</strong></span> <span class='ocrx_word' id='word_1_98' title='bbox 881 1375 1013 1454; x_wconf 89' lang='lat' dir='ltr'><strong>injuriam</strong></span> <span class='ocrx_word' id='word_1_99' title='bbox 1038 1395 1100 1434; x_wconf 90' lang='lat' dir='ltr'><strong>san-</strong></span> 
     </span>
     <span class='ocr_line' id='line_1_13' title="bbox 141 1455 1098 1534; baseline -0.002 -20"><span class='ocrx_word' id='word_1_100' title='bbox 141 1459 160 1490; x_wconf 90' lang='lat'><strong>“</strong></span> <span class='ocrx_word' id='word_1_101' title='bbox 172 1456 290 1534; x_wconf 87' lang='lat' dir='ltr'><strong>guinem</strong></span> <span class='ocrx_word' id='word_1_102' title='bbox 301 1457 501 1533; x_wconf 70' lang='lat' dir='ltr'><strong>jur0,=tosqoe,</strong></span> <span class='ocrx_word' id='word_1_103' title='bbox 511 1456 574 1523; x_wconf 88' lang='lat' dir='ltr'><strong>Dii,</strong></span> <span class='ocrx_word' id='word_1_104' title='bbox 595 1467 679 1515; x_wconf 87' lang='lat' dir='ltr'><strong>testes</strong></span> <span class='ocrx_word' id='word_1_105' title='bbox 694 1456 777 1530; x_wconf 79' lang='lat' dir='ltr'><strong>facio,</strong></span> <span class='ocrx_word' id='word_1_106' title='bbox 801 1475 847 1514; x_wconf 90' lang='lat' dir='ltr'><strong>me</strong></span> <span class='ocrx_word' id='word_1_107' title='bbox 861 1455 894 1514; x_wconf 89' lang='lat' dir='ltr'><strong>L.</strong></span> <span class='ocrx_word' id='word_1_108' title='bbox 909 1455 1098 1530; x_wconf 82' lang='lat' dir='ltr'><strong>Tarquinium</strong></span> 
     </span>
     <span class='ocr_line' id='line_1_14' title="bbox 141 1535 1100 1616; baseline 0 -24"><span class='ocrx_word' id='word_1_109' title='bbox 141 1539 161 1571; x_wconf 77' lang='lat'><strong>‘⁴</strong></span> <span class='ocrx_word' id='word_1_110' title='bbox 175 1535 346 1610; x_wconf 86' lang='lat' dir='ltr'><strong>Superbum,</strong></span> <span class='ocrx_word' id='word_1_111' title='bbox 361 1556 429 1593; x_wconf 93' lang='lat' dir='ltr'><strong>cum</strong></span> <span class='ocrx_word' id='word_1_112' title='bbox 441 1537 576 1616; x_wconf 70' lang='lat' dir='ltr'><strong>scelerati</strong></span> <span class='ocrx_word' id='word_1_113' title='bbox 591 1536 713 1613; x_wconf 85' lang='lat' dir='ltr'><strong>conjuge</strong></span> <span class='ocrx_word' id='word_1_114' title='bbox 737 1539 765 1592; x_wconf 79' lang='lat' dir='ltr'><strong>et</strong></span> <span class='ocrx_word' id='word_1_115' title='bbox 778 1535 856 1594; x_wconf 91' lang='lat' dir='ltr'><strong>omni</strong></span> <span class='ocrx_word' id='word_1_116' title='bbox 869 1535 1022 1594; x_wconf 82' lang='lat' dir='ltr'><strong>liberorum</strong></span> <span class='ocrx_word' id='word_1_117' title='bbox 1037 1535 1100 1592; x_wconf 86' lang='lat' dir='ltr'><strong>stir-</strong></span> 
     </span>
     <span class='ocr_line' id='line_1_15' title="bbox 140 1613 1099 1692; baseline 0 -20"><span class='ocrx_word' id='word_1_118' title='bbox 140 1619 160 1650; x_wconf 88' lang='lat'><strong>“</strong></span> <span class='ocrx_word' id='word_1_119' title='bbox 174 1635 219 1690; x_wconf 87' lang='lat' dir='ltr'><strong>pe,</strong></span> <span class='ocrx_word' id='word_1_120' title='bbox 232 1613 315 1683; x_wconf 83' lang='lat' dir='ltr'><strong>ferro,</strong></span> <span class='ocrx_word' id='word_1_121' title='bbox 328 1615 396 1692; x_wconf 85' lang='lat' dir='ltr'><strong>igni,</strong></span> <span class='ocrx_word' id='word_1_122' title='bbox 408 1616 586 1691; x_wconf 76' lang='lat' dir='ltr'><strong>qudcumque</strong></span> <span class='ocrx_word' id='word_1_123' title='bbox 598 1616 703 1673; x_wconf 90' lang='lat' dir='ltr'><strong>dehinc</strong></span> <span class='ocrx_word' id='word_1_124' title='bbox 715 1615 740 1672; x_wconf 91' lang='lat' dir='ltr'><strong>vi</strong></span> <span class='ocrx_word' id='word_1_125' title='bbox 752 1615 866 1692; x_wconf 89' lang='lat' dir='ltr'><strong>possim,</strong></span> <span class='ocrx_word' id='word_1_126' title='bbox 881 1619 1080 1673; x_wconf 84' lang='lat' dir='ltr'><strong>exsecuturum</strong></span> <span class='ocrx_word' id='word_1_127' title='bbox 1092 1635 1099 1685; x_wconf 89' lang='lat'>;</span> 
     </span>
    </p>
   </div>
   <div class='ocr_carea' id='block_1_8' title="bbox 110 1693 1178 1772">
    <p class='ocr_par' dir='ltr' id='par_1_8' title="bbox 110 1693 1178 1772">
     <span class='ocr_line' id='line_1_16' title="bbox 110 1693 1178 1772; baseline 0 -20"><span class='ocrx_word' id='word_1_128' title='bbox 110 1698 229 1759; x_wconf 78' lang='lat' dir='ltr'><strong>15“nec</strong></span> <span class='ocrx_word' id='word_1_129' title='bbox 244 1695 315 1761; x_wconf 86' lang='lat' dir='ltr'><strong>illos,</strong></span> <span class='ocrx_word' id='word_1_130' title='bbox 331 1715 385 1752; x_wconf 90' lang='lat' dir='ltr'><strong>nec</strong></span> <span class='ocrx_word' id='word_1_131' title='bbox 399 1695 484 1752; x_wconf 87' lang='lat' dir='ltr'><strong>alium</strong></span> <span class='ocrx_word' id='word_1_132' title='bbox 495 1713 794 1772; x_wconf 79' lang='lat' dir='ltr'><strong>quetnquamregnarc</strong></span> <span class='ocrx_word' id='word_1_133' title='bbox 806 1694 908 1753; x_wconf 83' lang='lat' dir='ltr'><strong>Romae</strong></span> <span class='ocrx_word' id='word_1_134' title='bbox 919 1693 1098 1771; x_wconf 84' lang='lat' dir='ltr'><strong>passurum.”</strong></span> <span class='ocrx_word' id='word_1_135' title='bbox 1177 1710 1178 1722; x_wconf 63' lang='lat'>¹</span> 
     </span>
    </p>
   </div>
   <div class='ocr_carea' id='block_1_9' title="bbox 108 1773 1101 3835">
    <p class='ocr_par' dir='ltr' id='par_1_9' title="bbox 108 1773 1101 3835">
     <span class='ocr_line' id='line_1_17' title="bbox 141 1773 1098 1843; baseline 0.003 -10"><span class='ocrx_word' id='word_1_136' title='bbox 141 1775 274 1834; x_wconf 87' lang='lat' dir='ltr'><strong>Cultrum</strong></span> <span class='ocrx_word' id='word_1_137' title='bbox 289 1774 545 1832; x_wconf 63' lang='lat' dir='ltr'><strong>deinde‘Gollatino</strong></span> <span class='ocrx_word' id='word_1_138' title='bbox 558 1775 643 1832; x_wconf 85' lang='lat' dir='ltr'><strong>tradit</strong></span> <span class='ocrx_word' id='word_1_139' title='bbox 654 1793 675 1843; x_wconf 75' lang='grc' dir='ltr'><strong>ς.</strong></span> <span class='ocrx_word' id='word_1_140' title='bbox 694 1775 761 1832; x_wconf 89' lang='lat' dir='ltr'><strong>inde</strong></span> <span class='ocrx_word' id='word_1_141' title='bbox 777 1773 911 1834; x_wconf 86' lang='lat' dir='ltr'><strong>Lucretio</strong></span> <span class='ocrx_word' id='word_1_142' title='bbox 925 1793 960 1832; x_wconf 86' lang='lat' dir='ltr'><strong>ae</strong></span> <span class='ocrx_word' id='word_1_143' title='bbox 974 1774 1098 1836; x_wconf 80' lang='lat' dir='ltr'><strong>valerie.</strong></span> 
     </span>
     <span class='ocr_line' id='line_1_18' title="bbox 141 1850 1101 1930; baseline -0.002 -18"><span class='ocrx_word' id='word_1_144' title='bbox 141 1853 323 1930; x_wconf 79' lang='lat' dir='ltr'><strong>stupentibus</strong></span> <span class='ocrx_word' id='word_1_145' title='bbox 334 1853 471 1912; x_wconf 88' lang='lat' dir='ltr'><strong>miraculo</strong></span> <span class='ocrx_word' id='word_1_146' title='bbox 485 1853 535 1920; x_wconf 92' lang='lat' dir='ltr'><strong>rei,</strong></span> <span class='ocrx_word' id='word_1_147' title='bbox 546 1879 550 1884; x_wconf 93' lang='lat'>·</span> <span class='ocrx_word' id='word_1_148' title='bbox 561 1854 636 1911; x_wconf 88' lang='lat' dir='ltr'><strong>unde</strong></span> <span class='ocrx_word' id='word_1_149' title='bbox 658 1870 764 1912; x_wconf 84' lang='lat' dir='ltr'><strong>novum</strong></span> <span class='ocrx_word' id='word_1_150' title='bbox 789 1853 819 1912; x_wconf 89' lang='lat' dir='ltr'><strong>in</strong></span> <span class='ocrx_word' id='word_1_151' title='bbox 836 1850 916 1911; x_wconf 88' lang='lat' dir='ltr'><strong>Bruti</strong></span> <span class='ocrx_word' id='word_1_152' title='bbox 930 1864 1044 1929; x_wconf 75' lang='lat' dir='ltr'><strong>pectore</strong></span> <span class='ocrx_word' id='word_1_153' title='bbox 1059 1855 1101 1911; x_wconf 91' lang='lat' dir='ltr'><strong>in·</strong></span> 
     </span>
     <span class='ocr_line' id='line_1_19' title="bbox 141 1931 1099 2012; baseline -0.002 -20"><span class='ocrx_word' id='word_1_154' title='bbox 141 1933 268 2012; x_wconf 86' lang='lat' dir='ltr'><strong>genium.</strong></span> <span class='ocrx_word' id='word_1_155' title='bbox 310 1933 349 1990; x_wconf 89' lang='lat' dir='ltr'><strong>Ut</strong></span> <span class='ocrx_word' id='word_1_156' title='bbox 363 1943 532 2009; x_wconf 73' lang='lat' dir='ltr'><strong>preceptum</strong></span> <span class='ocrx_word' id='word_1_157' title='bbox 548 1943 617 1999; x_wconf 79' lang='lat' dir='ltr'><strong>erat,</strong></span> <span class='ocrx_word' id='word_1_158' title='bbox 629 1931 745 2009; x_wconf 82' lang='lat' dir='ltr'><strong>jurant:</strong></span> <span class='ocrx_word' id='word_1_159' title='bbox 767 1933 873 2008; x_wconf 88' lang='lat' dir='ltr'><strong>totique</strong></span> <span class='ocrx_word' id='word_1_160' title='bbox 884 1932 920 1989; x_wconf 95' lang='lat' dir='ltr'><strong>ab</strong></span> <span class='ocrx_word' id='word_1_161' title='bbox 933 1932 1012 1990; x_wconf 90' lang='lat' dir='ltr'><strong>luctu</strong></span> <span class='ocrx_word' id='word_1_162' title='bbox 1027 1937 1099 1990; x_wconf 80' lang='lat' dir='ltr'><strong>versi</strong></span> 
     </span>
     <span class='ocr_line' id='line_1_20' title="bbox 141 2011 1100 2088; baseline -0.004 -17"><span class='ocrx_word' id='word_1_163' title='bbox 141 2015 171 2071; x_wconf 92' lang='lat' dir='ltr'><strong>in</strong></span> <span class='ocrx_word' id='word_1_164' title='bbox 187 2013 269 2081; x_wconf 80' lang='lat' dir='ltr'><strong>iram,</strong></span> <span class='ocrx_word' id='word_1_165' title='bbox 284 2011 412 2081; x_wconf 84' lang='lat' dir='ltr'><strong>Brutum,</strong></span> <span class='ocrx_word' id='word_1_166' title='bbox 424 2012 481 2088; x_wconf 88' lang='lat' dir='ltr'><strong>jem</strong></span> <span class='ocrx_word' id='word_1_167' title='bbox 497 2012 563 2069; x_wconf 93' lang='lat' dir='ltr'><strong>inde</strong></span> <span class='ocrx_word' id='word_1_168' title='bbox 578 2013 617 2068; x_wconf 85' lang='lat' dir='ltr'><strong>ad&#39;</strong></span> <span class='ocrx_word' id='word_1_169' title='bbox 627 2013 851 2088; x_wconf 85' lang='lat' dir='ltr'><strong>expugnandum</strong></span> <span class='ocrx_word' id='word_1_170' title='bbox 865 2029 983 2087; x_wconf 88' lang='lat' dir='ltr'><strong>regnum</strong></span> <span class='ocrx_word' id='word_1_171' title='bbox 999 2030 1100 2080; x_wconf 86' lang='lat' dir='ltr'><strong>vocau-</strong></span> 
     </span>
     <span class='ocr_line' id='line_1_21' title="bbox 108 2090 1099 2168; baseline -0.006 -15"><span class='ocrx_word' id='word_1_172' title='bbox 108 2105 209 2160; x_wconf 80' lang='lat' dir='ltr'><strong>aatem‚</strong></span> <span class='ocrx_word' id='word_1_173' title='bbox 224 2103 380 2168; x_wconf 75' lang='lat' dir='ltr'><strong>sequuntur</strong></span> <span class='ocrx_word' id='word_1_174' title='bbox 394 2092 505 2150; x_wconf 89' lang='lat' dir='ltr'><strong>ducem.</strong></span> <span class='ocrx_word' id='word_1_175' title='bbox 546 2091 659 2148; x_wconf 88' lang='lat' dir='ltr'><strong>Elatum</strong></span> <span class='ocrx_word' id='word_1_176' title='bbox 685 2091 768 2149; x_wconf 91' lang='lat' dir='ltr'><strong>domo</strong></span> <span class='ocrx_word' id='word_1_177' title='bbox 792 2090 932 2148; x_wconf 84' lang='lat' dir='ltr'><strong>Lucretiae</strong></span> <span class='ocrx_word' id='word_1_178' title='bbox 954 2109 1055 2166; x_wconf 87' lang='lat' dir='ltr'><strong>corpus</strong></span> <span class='ocrx_word' id='word_1_179' title='bbox 1071 2091 1099 2148; x_wconf 87' lang='lat' dir='ltr'><strong>in</strong></span> 
     </span>
     <span class='ocr_line' id='line_1_22' title="bbox 141 2169 1100 2248; baseline -0.003 -18"><span class='ocrx_word' id='word_1_180' title='bbox 141 2171 388 2242; x_wconf 79' lang='lat' dir='ltr'><strong>lorum&#39;deierunt,</strong></span> <span class='ocrx_word' id='word_1_181' title='bbox 403 2171 591 2246; x_wconf 83' lang='lat' dir='ltr'><strong>concientque</strong></span> <span class='ocrx_word' id='word_1_182' title='bbox 605 2169 751 2228; x_wconf 80' lang='lat' dir='ltr'><strong>&#39;miraculo</strong></span> <span class='ocrx_word' id='word_1_183' title='bbox 777 2169 822 2244; x_wconf 88' lang='lat' dir='ltr'><strong>(ut</strong></span> <span class='ocrx_word' id='word_1_184' title='bbox 836 2169 880 2248; x_wconf 86' lang='lat' dir='ltr'><strong>lit)</strong></span> <span class='ocrx_word' id='word_1_185' title='bbox 905 2169 945 2227; x_wconf 89' lang='lat' dir='ltr'><strong>rei</strong></span> <span class='ocrx_word' id='word_1_186' title='bbox 967 2189 1046 2228; x_wconf 83' lang='lat' dir='ltr'><strong>novae</strong></span> <span class='ocrx_word' id='word_1_187' title='bbox 1061 2183 1100 2227; x_wconf 86' lang='lat' dir='ltr'><strong>at·</strong></span> 
     </span>
     <span class='ocr_line' id='line_1_23' title="bbox 141 2247 1099 2329; baseline -0.002 -21"><span class='ocrx_word' id='word_1_188' title='bbox 141 2271 196 2327; x_wconf 91' lang='lat' dir='ltr'><strong>que</strong></span> <span class='ocrx_word' id='word_1_189' title='bbox 211 2251 381 2328; x_wconf 84' lang='lat' dir='ltr'><strong>indignitate</strong></span> <span class='ocrx_word' id='word_1_190' title='bbox 396 2249 543 2326; x_wconf 88' lang='lat' dir='ltr'><strong>homines:</strong></span> <span class='ocrx_word' id='word_1_191' title='bbox 574 2269 624 2325; x_wconf 89' lang='lat' dir='ltr'><strong>pro</strong></span> <span class='ocrx_word' id='word_1_192' title='bbox 648 2269 678 2308; x_wconf 87' lang='lat' dir='ltr'><strong>se</strong></span> <span class='ocrx_word' id='word_1_193' title='bbox 702 2249 819 2326; x_wconf 88' lang='lat' dir='ltr'><strong>quisque</strong></span> <span class='ocrx_word' id='word_1_194' title='bbox 833 2247 926 2308; x_wconf 89' lang='lat' dir='ltr'><strong>scelus</strong></span> <span class='ocrx_word' id='word_1_195' title='bbox 940 2249 1049 2329; x_wconf 87' lang='lat' dir='ltr'><strong>regium</strong></span> <span class='ocrx_word' id='word_1_196' title='bbox 1065 2269 1099 2306; x_wconf 84' lang='lat' dir='ltr'><strong>ac</strong></span> 
     </span>
     <span class='ocr_line' id='line_1_24' title="bbox 141 2329 1099 2406; baseline -0.001 -19"><span class='ocrx_word' id='word_1_197' title='bbox 141 2331 197 2388; x_wconf 87' lang='lat' dir='ltr'><strong>vim</strong></span> <span class='ocrx_word' id='word_1_198' title='bbox 222 2341 386 2406; x_wconf 87' lang='lat' dir='ltr'><strong>queruntur.</strong></span> <span class='ocrx_word' id='word_1_199' title='bbox 429 2329 525 2388; x_wconf 88' lang='lat' dir='ltr'><strong>Movet</strong></span> <span class='ocrx_word' id='word_1_200' title='bbox 545 2338 603 2386; x_wconf 85' lang='lat' dir='ltr'><strong>turn</strong></span> <span class='ocrx_word' id='word_1_201' title='bbox 628 2329 714 2406; x_wconf 90' lang='lat' dir='ltr'><strong>patris</strong></span> <span class='ocrx_word' id='word_1_202' title='bbox 738 2329 879 2396; x_wconf 67' lang='lat' dir='ltr'><strong>maestitia,</strong></span> <span class='ocrx_word' id='word_1_203' title='bbox 904 2341 964 2386; x_wconf 89' lang='lat' dir='ltr'><strong>tum</strong></span> <span class='ocrx_word' id='word_1_204' title='bbox 985 2329 1099 2402; x_wconf 86' lang='lat' dir='ltr'><strong>Brutus,</strong></span> 
     </span>
     <span class='ocr_line' id='line_1_25' title="bbox 141 2407 1100 2486; baseline -0.002 -18"><span class='ocrx_word' id='word_1_205' title='bbox 141 2409 294 2486; x_wconf 87' lang='lat' dir='ltr'><strong>castigator</strong></span> <span class='ocrx_word' id='word_1_206' title='bbox 308 2409 495 2485; x_wconf 86' lang='lat' dir='ltr'><strong>laerymarum</strong></span> <span class='ocrx_word' id='word_1_207' title='bbox 520 2421 603 2484; x_wconf 90' lang='lat' dir='ltr'><strong>atque</strong></span> <span class='ocrx_word' id='word_1_208' title='bbox 626 2407 759 2468; x_wconf 88' lang='lat' dir='ltr'><strong>inertium</strong></span> <span class='ocrx_word' id='word_1_209' title='bbox 784 2409 971 2484; x_wconf 83' lang='lat' dir='ltr'><strong>querelarum,</strong></span> <span class='ocrx_word' id='word_1_210' title='bbox 989 2421 1100 2466; x_wconf 87' lang='lat' dir='ltr'><strong>auctor-</strong></span> 
     </span>
     <span class='ocr_line' id='line_1_26' title="bbox 108 2487 1100 2567; baseline -0.001 -21"><span class='ocrx_word' id='word_1_211' title='bbox 108 2509 195 2566; x_wconf 65' lang='lat' dir='ltr'><strong>esque</strong></span> <span class='ocrx_word' id='word_1_212' title='bbox 212 2487 300 2567; x_wconf 90' lang='lat' dir='ltr'><strong>(quod</strong></span> <span class='ocrx_word' id='word_1_213' title='bbox 315 2487 397 2560; x_wconf 86' lang='lat' dir='ltr'><strong>viros,</strong></span> <span class='ocrx_word' id='word_1_214' title='bbox 408 2487 483 2563; x_wconf 88' lang='lat' dir='ltr'><strong>quod</strong></span> <span class='ocrx_word' id='word_1_215' title='bbox 502 2487 648 2546; x_wconf 88' lang='lat' dir='ltr'><strong>Romanos</strong></span> <span class='ocrx_word' id='word_1_216' title='bbox 662 2489 792 2567; x_wconf 85' lang='lat' dir='ltr'><strong>deceret)</strong></span> <span class='ocrx_word' id='word_1_217' title='bbox 813 2507 891 2546; x_wconf 88' lang='lat' dir='ltr'><strong>arma</strong></span> <span class='ocrx_word' id='word_1_218' title='bbox 905 2489 1037 2564; x_wconf 84' lang='lat' dir='ltr'><strong>capiendi</strong></span> <span class='ocrx_word' id='word_1_219' title='bbox 1051 2489 1100 2545; x_wconf 90' lang='lat' dir='ltr'><strong>ad-</strong></span> 
     </span>
     <span class='ocr_line' id='line_1_27' title="bbox 142 2567 1098 2644; baseline -0.003 -18"><span class='ocrx_word' id='word_1_220' title='bbox 142 2589 239 2626; x_wconf 85' lang='lat' dir='ltr'><strong>versus</strong></span> <span class='ocrx_word' id='word_1_221' title='bbox 253 2567 364 2625; x_wconf 85' lang='lat' dir='ltr'><strong>hostilia</strong></span> <span class='ocrx_word' id='word_1_222' title='bbox 378 2587 469 2624; x_wconf 88' lang='lat' dir='ltr'><strong>ausos.</strong></span> <span class='ocrx_word' id='word_1_223' title='bbox 511 2567 715 2626; x_wconf 85' lang='lat' dir='ltr'><strong>Ferocissimus</strong></span> <span class='ocrx_word' id='word_1_224' title='bbox 736 2569 854 2644; x_wconf 85' lang='lat' dir='ltr'><strong>quisquc</strong></span> <span class='ocrx_word' id='word_1_225' title='bbox 874 2567 1011 2644; x_wconf 85' lang='lat' dir='ltr'><strong>juvenum</strong></span> <span class='ocrx_word' id='word_1_226' title='bbox 1032 2587 1098 2624; x_wconf 94' lang='lat' dir='ltr'><strong>cum</strong></span> 
     </span>
     <span class='ocr_line' id='line_1_28' title="bbox 142 2646 1099 2724; baseline -0.003 -19"><span class='ocrx_word' id='word_1_227' title='bbox 142 2648 228 2705; x_wconf 87' lang='lat' dir='ltr'><strong>armis</strong></span> <span class='ocrx_word' id='word_1_228' title='bbox 243 2647 416 2720; x_wconf 80' lang='lat' dir='ltr'><strong>voluntarius</strong></span> <span class='ocrx_word' id='word_1_229' title='bbox 430 2646 529 2704; x_wconf 87' lang='lat' dir='ltr'><strong>adest:</strong></span> <span class='ocrx_word' id='word_1_230' title='bbox 561 2647 685 2722; x_wconf 81' lang='lat' dir='ltr'><strong>sequitur</strong></span> <span class='ocrx_word' id='word_1_231' title='bbox 709 2657 737 2705; x_wconf 89' lang='lat' dir='ltr'><strong>et</strong></span> <span class='ocrx_word' id='word_1_232' title='bbox 747 2658 855 2722; x_wconf 87' lang='lat' dir='ltr'><strong>caetera</strong></span> <span class='ocrx_word' id='word_1_233' title='bbox 863 2647 1009 2724; x_wconf 84' lang='lat' dir='ltr'><strong>juventus.</strong></span> <span class='ocrx_word' id='word_1_234' title='bbox 1050 2646 1099 2703; x_wconf 80' lang='lat' dir='ltr'><strong>In-</strong></span> 
     </span>
     <span class='ocr_line' id='line_1_29' title="bbox 142 2725 1098 2806; baseline -0.005 -21"><span class='ocrx_word' id='word_1_235' title='bbox 142 2729 188 2796; x_wconf 89' lang='lat' dir='ltr'><strong>de,</strong></span> <span class='ocrx_word' id='word_1_236' title='bbox 203 2727 264 2803; x_wconf 86' lang='lat' dir='ltr'><strong>pari</strong></span> <span class='ocrx_word' id='word_1_237' title='bbox 278 2725 407 2806; x_wconf 72' lang='lat' dir='ltr'><strong>praesidio</strong></span> <span class='ocrx_word' id='word_1_238' title='bbox 421 2725 519 2792; x_wconf 85' lang='lat' dir='ltr'><strong>relicto</strong></span> <span class='ocrx_word' id='word_1_239' title='bbox 543 2725 671 2798; x_wconf 76' lang='lat' dir='ltr'><strong>Collatiae</strong></span> <span class='ocrx_word' id='word_1_240' title='bbox 695 2727 730 2784; x_wconf 88' lang='lat' dir='ltr'><strong>ad</strong></span> <span class='ocrx_word' id='word_1_241' title='bbox 754 2737 855 2802; x_wconf 87' lang='lat' dir='ltr'><strong>portas,</strong></span> <span class='ocrx_word' id='word_1_242' title='bbox 877 2725 1098 2800; x_wconf 84' lang='lat' dir='ltr'><strong>custodibusque</strong></span> 
     </span>
     <span class='ocr_line' id='line_1_30' title="bbox 142 2804 1099 2886; baseline -0.003 -22"><span class='ocrx_word' id='word_1_243' title='bbox 142 2808 216 2864; x_wconf 86' lang='lat' dir='ltr'><strong>datis</strong></span> <span class='ocrx_word' id='word_1_244' title='bbox 230 2826 266 2864; x_wconf 87' lang='lat' dir='ltr'><strong>ne</strong></span> <span class='ocrx_word' id='word_1_245' title='bbox 279 2806 344 2882; x_wconf 87' lang='lat' dir='ltr'><strong>quis</strong></span> <span class='ocrx_word' id='word_1_246' title='bbox 355 2811 422 2882; x_wconf 64' lang='lat' dir='ltr'><strong>euni</strong></span> <span class='ocrx_word' id='word_1_247' title='bbox 436 2816 542 2886; x_wconf 80' lang='lat' dir='ltr'><strong>motum</strong></span> <span class='ocrx_word' id='word_1_248' title='bbox 563 2805 678 2882; x_wconf 85' lang='lat' dir='ltr'><strong>regibus</strong></span> <span class='ocrx_word' id='word_1_249' title='bbox 700 2805 853 2873; x_wconf 84' lang='lat' dir='ltr'><strong>nuntiaret,</strong></span> <span class='ocrx_word' id='word_1_250' title='bbox 878 2805 974 2863; x_wconf 80' lang='lat' dir='ltr'><strong>caeteri</strong></span> <span class='ocrx_word' id='word_1_251' title='bbox 989 2804 1099 2874; x_wconf 86' lang='lat' dir='ltr'><strong>armati,</strong></span> 
     </span>
     <span class='ocr_line' id='line_1_31' title="bbox 110 2882 1099 2961; baseline -0.008 -13"><span class='ocrx_word' id='word_1_252' title='bbox 110 2887 218 2948; x_wconf 77' lang='lat' dir='ltr'><strong>caduce</strong></span> <span class='ocrx_word' id='word_1_253' title='bbox 235 2885 466 2958; x_wconf 75' lang='lat' dir='ltr'><strong>ssrut0,R01mm</strong></span> <span class='ocrx_word' id='word_1_254' title='bbox 481 2883 607 2961; x_wconf 83' lang='lat' dir='ltr'><strong>profecti.</strong></span> <span class='ocrx_word' id='word_1_255' title='bbox 648 2883 704 2942; x_wconf 89' lang='lat' dir='ltr'><strong>Ubi</strong></span> <span class='ocrx_word' id='word_1_256' title='bbox 718 2882 752 2941; x_wconf 81' lang='lat' dir='ltr'><strong>ed</strong></span> <span class='ocrx_word' id='word_1_257' title='bbox 767 2895 881 2944; x_wconf 88' lang='lat' dir='ltr'><strong>ventum</strong></span> <span class='ocrx_word' id='word_1_258' title='bbox 896 2895 947 2950; x_wconf 80' lang='lat' dir='ltr'><strong>est,</strong></span> <span class='ocrx_word' id='word_1_259' title='bbox 962 2883 1099 2958; x_wconf 77' lang='lat' dir='ltr'><strong>qudcum-</strong></span> 
     </span>
     <span class='ocr_line' id='line_1_32' title="bbox 142 2961 1098 3042; baseline -0.003 -19"><span class='ocrx_word' id='word_1_260' title='bbox 142 2986 197 3042; x_wconf 89' lang='lat' dir='ltr'><strong>que</strong></span> <span class='ocrx_word' id='word_1_261' title='bbox 213 2965 329 3038; x_wconf 90' lang='lat' dir='ltr'><strong>incedit,</strong></span> <span class='ocrx_word' id='word_1_262' title='bbox 354 2966 460 3022; x_wconf 81' lang='lat' dir='ltr'><strong>armate</strong></span> <span class='ocrx_word' id='word_1_263' title='bbox 482 2963 632 3022; x_wconf 89' lang='lat' dir='ltr'><strong>multitudo</strong></span> <span class='ocrx_word' id='word_1_264' title='bbox 646 2983 779 3040; x_wconf 88' lang='lat' dir='ltr'><strong>pavorem</strong></span> <span class='ocrx_word' id='word_1_265' title='bbox 797 2982 832 3022; x_wconf 90' lang='lat' dir='ltr'><strong>ae</strong></span> <span class='ocrx_word' id='word_1_266' title='bbox 845 2963 999 3034; x_wconf 84' lang='lat' dir='ltr'><strong>tumultum</strong></span> <span class='ocrx_word' id='word_1_267' title='bbox 1011 2961 1098 3024; x_wconf 88' lang='lat' dir='ltr'><strong>facit:</strong></span> 
     </span>
     <span class='ocr_line' id='line_1_33' title="bbox 142 3041 1097 3120; baseline -0.001 -17"><span class='ocrx_word' id='word_1_268' title='bbox 142 3063 249 3117; x_wconf 88' lang='lat' dir='ltr'><strong>rursus,</strong></span> <span class='ocrx_word' id='word_1_269' title='bbox 264 3045 311 3102; x_wconf 92' lang='lat' dir='ltr'><strong>ubi</strong></span> <span class='ocrx_word' id='word_1_270' title='bbox 336 3044 442 3102; x_wconf 87' lang='lat' dir='ltr'><strong>anteire</strong></span> <span class='ocrx_word' id='word_1_271' title='bbox 466 3043 601 3120; x_wconf 89' lang='lat' dir='ltr'><strong>primores</strong></span> <span class='ocrx_word' id='word_1_272' title='bbox 625 3043 745 3101; x_wconf 88' lang='lat' dir='ltr'><strong>civitatis</strong></span> <span class='ocrx_word' id='word_1_273' title='bbox 770 3043 874 3110; x_wconf 84' lang='lat' dir='ltr'><strong>vident,</strong></span> <span class='ocrx_word' id='word_1_274' title='bbox 898 3041 1036 3120; x_wconf 91' lang='lat' dir='ltr'><strong>quidquid</strong></span> <span class='ocrx_word' id='word_1_275' title='bbox 1053 3043 1097 3114; x_wconf 90' lang='lat' dir='ltr'><strong>sit,</strong></span> 
     </span>
     <span class='ocr_line' id='line_1_34' title="bbox 143 3121 1098 3182; baseline -0.002 0"><span class='ocrx_word' id='word_1_276' title='bbox 143 3125 220 3182; x_wconf 92' lang='lat' dir='ltr'><strong>haud</strong></span> <span class='ocrx_word' id='word_1_277' title='bbox 234 3123 339 3182; x_wconf 72' lang='lat' dir='ltr'><strong>temere</strong></span> <span class='ocrx_word' id='word_1_278' title='bbox 353 3142 415 3181; x_wconf 88' lang='lat' dir='ltr'><strong>esse</strong></span> <span class='ocrx_word' id='word_1_279' title='bbox 436 3134 541 3182; x_wconf 85' lang='lat' dir='ltr'><strong>rentur.</strong></span> <span class='ocrx_word' id='word_1_280' title='bbox 583 3121 648 3180; x_wconf 91' lang='lat' dir='ltr'><strong>Nec</strong></span> <span class='ocrx_word' id='word_1_281' title='bbox 667 3121 804 3180; x_wconf 86' lang='lat' dir='ltr'><strong>minorem</strong></span> <span class='ocrx_word' id='word_1_282' title='bbox 819 3132 925 3180; x_wconf 89' lang='lat' dir='ltr'><strong>motum</strong></span> <span class='ocrx_word' id='word_1_283' title='bbox 939 3121 1098 3180; x_wconf 87' lang='lat' dir='ltr'><strong>animorum</strong></span> 
     </span>
     <span class='ocr_line' id='line_1_35' title="bbox 143 3199 1099 3278; baseline -0.002 -16"><span class='ocrx_word' id='word_1_284' title='bbox 143 3203 246 3262; x_wconf 74' lang='lat' dir='ltr'><strong>Rome</strong></span> <span class='ocrx_word' id='word_1_285' title='bbox 261 3215 316 3260; x_wconf 88' lang='lat' dir='ltr'><strong>tam</strong></span> <span class='ocrx_word' id='word_1_286' title='bbox 332 3215 410 3260; x_wconf 75' lang='lat' dir='ltr'><strong>atrox</strong></span> <span class='ocrx_word' id='word_1_287' title='bbox 434 3221 479 3259; x_wconf 88' lang='lat' dir='ltr'><strong>res</strong></span> <span class='ocrx_word' id='word_1_288' title='bbox 503 3201 689 3278; x_wconf 76' lang='lat' dir='ltr'><strong>lacit‚&#39;qudm</strong></span> <span class='ocrx_word' id='word_1_289' title='bbox 713 3200 841 3260; x_wconf 83' lang='lat' dir='ltr'><strong>Collatiae</strong></span> <span class='ocrx_word' id='word_1_290' title='bbox 865 3200 979 3258; x_wconf 82' lang='lat' dir='ltr'><strong>iecerat.</strong></span> <span class='ocrx_word' id='word_1_291' title='bbox 1021 3199 1099 3278; x_wconf 84' lang='lat' dir='ltr'><strong>Ergo</strong></span> 
     </span>
     <span class='ocr_line' id='line_1_36' title="bbox 112 3279 1099 3346; baseline -0.005 -3"><span class='ocrx_word' id='word_1_292' title='bbox 112 3302 179 3344; x_wconf 79' lang='lat' dir='ltr'><strong>aser</strong></span> <span class='ocrx_word' id='word_1_293' title='bbox 191 3282 324 3341; x_wconf 87' lang='lat' dir='ltr'><strong>omnibus</strong></span> <span class='ocrx_word' id='word_1_294' title='bbox 337 3281 406 3340; x_wconf 92' lang='lat' dir='ltr'><strong>locis</strong></span> <span class='ocrx_word' id='word_1_295' title='bbox 428 3281 504 3346; x_wconf 82' lang='lat' dir='ltr'><strong>urbis</strong></span> <span class='ocrx_word' id='word_1_296' title='bbox 525 3280 555 3338; x_wconf 95' lang='lat' dir='ltr'><strong>in</strong></span> <span class='ocrx_word' id='word_1_297' title='bbox 577 3279 667 3338; x_wconf 90' lang='lat' dir='ltr'><strong>forum</strong></span> <span class='ocrx_word' id='word_1_298' title='bbox 682 3280 812 3338; x_wconf 87' lang='lat' dir='ltr'><strong>curritur.</strong></span> <span class='ocrx_word' id='word_1_299' title='bbox 852 3279 921 3342; x_wconf 80' lang='lat' dir='ltr'><strong>Qua</strong></span> <span class='ocrx_word' id='word_1_300' title='bbox 935 3280 1018 3339; x_wconf 87' lang='lat' dir='ltr'><strong>simul</strong></span> <span class='ocrx_word' id='word_1_301' title='bbox 1033 3299 1099 3338; x_wconf 89' lang='lat' dir='ltr'><strong>ven·</strong></span> 
     </span>
     <span class='ocr_line' id='line_1_37' title="bbox 144 3359 1099 3438; baseline -0.002 -18"><span class='ocrx_word' id='word_1_302' title='bbox 144 3373 205 3420; x_wconf 88' lang='lat' dir='ltr'><strong>tum</strong></span> <span class='ocrx_word' id='word_1_303' title='bbox 218 3373 272 3428; x_wconf 89' lang='lat' dir='ltr'><strong>est,</strong></span> <span class='ocrx_word' id='word_1_304' title='bbox 283 3379 375 3438; x_wconf 85' lang='lat' dir='ltr'><strong>praeco</strong></span> <span class='ocrx_word' id='word_1_305' title='bbox 389 3360 423 3418; x_wconf 85' lang='lat' dir='ltr'><strong>ad</strong></span> <span class='ocrx_word' id='word_1_306' title='bbox 438 3359 583 3418; x_wconf 87' lang='lat' dir='ltr'><strong>tribunum</strong></span> <span class='ocrx_word' id='word_1_307' title='bbox 598 3359 742 3432; x_wconf 83' lang='lat' dir='ltr'><strong>Celerum,</strong></span> <span class='ocrx_word' id='word_1_308' title='bbox 767 3359 866 3438; x_wconf 84' lang='lat' dir='ltr'><strong>inquo</strong></span> <span class='ocrx_word' id='word_1_309' title='bbox 878 3370 939 3418; x_wconf 90' lang='lat' dir='ltr'><strong>tum</strong></span> <span class='ocrx_word' id='word_1_310' title='bbox 952 3360 1099 3438; x_wconf 84' lang='lat' dir='ltr'><strong>magistra·</strong></span> 
     </span>
     <span class='ocr_line' id='line_1_38' title="bbox 145 3437 1096 3516; baseline -0.004 -17"><span class='ocrx_word' id='word_1_311' title='bbox 145 3452 176 3499; x_wconf 91' lang='lat' dir='ltr'><strong>tu</strong></span> <span class='ocrx_word' id='word_1_312' title='bbox 190 3441 260 3500; x_wconf 87' lang='lat' dir='ltr'><strong>forte</strong></span> <span class='ocrx_word' id='word_1_313' title='bbox 277 3442 381 3498; x_wconf 81' lang='lat' dir='ltr'><strong>llrutus</strong></span> <span class='ocrx_word' id='word_1_314' title='bbox 393 3450 463 3506; x_wconf 90' lang='lat' dir='ltr'><strong>erat,</strong></span> <span class='ocrx_word' id='word_1_315' title='bbox 488 3437 621 3516; x_wconf 90' lang='lat' dir='ltr'><strong>populum</strong></span> <span class='ocrx_word' id='word_1_316' title='bbox 636 3439 790 3496; x_wconf 86' lang='lat' dir='ltr'><strong>advocavit.</strong></span> <span class='ocrx_word' id='word_1_317' title='bbox 831 3437 875 3497; x_wconf 91' lang='lat' dir='ltr'><strong>Ibi</strong></span> <span class='ocrx_word' id='word_1_318' title='bbox 889 3440 979 3499; x_wconf 89' lang='lat' dir='ltr'><strong>oratic</strong></span> <span class='ocrx_word' id='word_1_319' title='bbox 993 3439 1096 3508; x_wconf 89' lang='lat' dir='ltr'><strong>habita,</strong></span> 
     </span>
     <span class='ocr_line' id='line_1_39' title="bbox 145 3516 1096 3597; baseline -0.006 -17"><span class='ocrx_word' id='word_1_320' title='bbox 145 3520 324 3597; x_wconf 76' lang='lat' dir='ltr'><strong>nequaquam</strong></span> <span class='ocrx_word' id='word_1_321' title='bbox 348 3520 409 3595; x_wconf 86' lang='lat' dir='ltr'><strong>ejus</strong></span> <span class='ocrx_word' id='word_1_322' title='bbox 432 3518 553 3595; x_wconf 77' lang='lat' dir='ltr'><strong>pectoris</strong></span> <span class='ocrx_word' id='word_1_323' title='bbox 577 3517 750 3594; x_wconf 79' lang='lat' dir='ltr'><strong>ingeniique,</strong></span> <span class='ocrx_word' id='word_1_324' title='bbox 778 3519 851 3596; x_wconf 93' lang='lat' dir='ltr'><strong>quod</strong></span> <span class='ocrx_word' id='word_1_325' title='bbox 875 3519 1036 3578; x_wconf 86' lang='lat' dir='ltr'><strong>simulatum</strong></span> <span class='ocrx_word' id='word_1_326' title='bbox 1060 3516 1096 3574; x_wconf 86' lang='lat' dir='ltr'><strong>ud</strong></span> 
     </span>
     <span class='ocr_line' id='line_1_40' title="bbox 145 3595 1096 3674; baseline -0.005 -16"><span class='ocrx_word' id='word_1_327' title='bbox 145 3619 209 3658; x_wconf 86' lang='lat' dir='ltr'><strong>eam</strong></span> <span class='ocrx_word' id='word_1_328' title='bbox 223 3600 298 3657; x_wconf 91' lang='lat' dir='ltr'><strong>diem</strong></span> <span class='ocrx_word' id='word_1_329' title='bbox 315 3599 412 3671; x_wconf 84' lang='lat' dir='ltr'><strong>luerat,</strong></span> <span class='ocrx_word' id='word_1_330' title='bbox 426 3599 462 3656; x_wconf 92' lang='lat' dir='ltr'><strong>de</strong></span> <span class='ocrx_word' id='word_1_331' title='bbox 477 3599 501 3656; x_wconf 88' lang='lat' dir='ltr'><strong>vi</strong></span> <span class='ocrx_word' id='word_1_332' title='bbox 513 3615 550 3656; x_wconf 87' lang='lat' dir='ltr'><strong>ac</strong></span> <span class='ocrx_word' id='word_1_333' title='bbox 564 3595 682 3656; x_wconf 91' lang='lat' dir='ltr'><strong>libidine</strong></span> <span class='ocrx_word' id='word_1_334' title='bbox 697 3599 765 3656; x_wconf 85' lang='lat' dir='ltr'><strong>Sex.</strong></span> <span class='ocrx_word' id='word_1_335' title='bbox 777 3599 937 3674; x_wconf 87' lang='lat' dir='ltr'><strong>Tarquinii,</strong></span> <span class='ocrx_word' id='word_1_336' title='bbox 952 3600 987 3656; x_wconf 88' lang='lat' dir='ltr'><strong>de</strong></span> <span class='ocrx_word' id='word_1_337' title='bbox 1001 3607 1096 3672; x_wconf 88' lang='lat' dir='ltr'><strong>stupro</strong></span> 
     </span>
     <span class='ocr_line' id='line_1_41' title="bbox 115 3674 1098 3752; baseline -0.01 -10"><span class='ocrx_word' id='word_1_338' title='bbox 115 3679 263 3742; x_wconf 73' lang='lat' dir='ltr'><strong>ninsando</strong></span> <span class='ocrx_word' id='word_1_339' title='bbox 276 3678 426 3750; x_wconf 87' lang='lat' dir='ltr'><strong>Lucretiae,</strong></span> <span class='ocrx_word' id='word_1_340' title='bbox 440 3689 468 3736; x_wconf 89' lang='lat' dir='ltr'><strong>et</strong></span> <span class='ocrx_word' id='word_1_341' title='bbox 482 3677 632 3736; x_wconf 87' lang='lat' dir='ltr'><strong>miserabili</strong></span> <span class='ocrx_word' id='word_1_342' title='bbox 657 3677 745 3746; x_wconf 75' lang='lat' dir='ltr'><strong>caede,</strong></span> <span class='ocrx_word' id='word_1_343' title='bbox 770 3678 806 3736; x_wconf 88' lang='lat' dir='ltr'><strong>de</strong></span> <span class='ocrx_word' id='word_1_344' title='bbox 819 3679 938 3738; x_wconf 89' lang='lat' dir='ltr'><strong>orbitate</strong></span> <span class='ocrx_word' id='word_1_345' title='bbox 951 3674 1098 3752; x_wconf 86' lang='lat' dir='ltr'><strong>Tricipiti-</strong></span> 
     </span>
     <span class='ocr_line' id='line_1_42' title="bbox 146 3754 1097 3835; baseline -0.006 -18"><span class='ocrx_word' id='word_1_346' title='bbox 146 3759 186 3826; x_wconf 89' lang='lat' dir='ltr'><strong>ni,</strong></span> <span class='ocrx_word' id='word_1_347' title='bbox 201 3757 248 3817; x_wconf 88' lang='lat' dir='ltr'><strong>cui</strong></span> <span class='ocrx_word' id='word_1_348' title='bbox 270 3769 358 3817; x_wconf 88' lang='lat' dir='ltr'><strong>morte</strong></span> <span class='ocrx_word' id='word_1_349' title='bbox 379 3757 442 3815; x_wconf 85' lang='lat' dir='ltr'><strong>filiae</strong></span> <span class='ocrx_word' id='word_1_350' title='bbox 464 3773 552 3814; x_wconf 85' lang='lat' dir='ltr'><strong>causa</strong></span> <span class='ocrx_word' id='word_1_351' title='bbox 572 3757 668 3816; x_wconf 87' lang='lat' dir='ltr'><strong>mortis</strong></span> <span class='ocrx_word' id='word_1_352' title='bbox 689 3757 831 3835; x_wconf 85' lang='lat' dir='ltr'><strong>indignior</strong></span> <span class='ocrx_word' id='word_1_353' title='bbox 855 3777 889 3815; x_wconf 92' lang='lat' dir='ltr'><strong>ac</strong></span> <span class='ocrx_word' id='word_1_354' title='bbox 913 3754 1097 3813; x_wconf 86' lang='lat' dir='ltr'><strong>miserabilior</strong></span> 
     </span>
    </p>
   </div>
   <div class='ocr_carea' id='block_1_10' title="bbox 146 3833 1167 3914">
    <p class='ocr_par' dir='ltr' id='par_1_10' title="bbox 146 3833 1167 3914">
     <span class='ocr_line' id='line_1_43' title="bbox 146 3833 1167 3914; baseline -0.008 -18"><span class='ocrx_word' id='word_1_355' title='bbox 146 3849 229 3896; x_wconf 88' lang='lat' dir='ltr'><strong>essct.</strong></span> <span class='ocrx_word' id='word_1_356' title='bbox 272 3837 373 3896; x_wconf 81' lang='lat' dir='ltr'><strong>Addita</strong></span> <span class='ocrx_word' id='word_1_357' title='bbox 386 3837 516 3914; x_wconf 87' lang='lat' dir='ltr'><strong>superbia</strong></span> <span class='ocrx_word' id='word_1_358' title='bbox 530 3835 617 3913; x_wconf 91' lang='lat' dir='ltr'><strong>ipsius</strong></span> <span class='ocrx_word' id='word_1_359' title='bbox 640 3837 724 3914; x_wconf 88' lang='lat' dir='ltr'><strong>regis,</strong></span> <span class='ocrx_word' id='word_1_360' title='bbox 748 3835 922 3910; x_wconf 73' lang='lat' dir='ltr'><strong>miseriaque</strong></span> <span class='ocrx_word' id='word_1_361' title='bbox 945 3845 974 3893; x_wconf 84' lang='lat' dir='ltr'><strong>et</strong></span> <span class='ocrx_word' id='word_1_362' title='bbox 987 3833 1098 3893; x_wconf 84' lang='lat' dir='ltr'><strong>labores</strong></span> <span class='ocrx_word' id='word_1_363' title='bbox 1165 3880 1167 3886; x_wconf 95' lang='lat'><em>.</em></span> 
     </span>
    </p>
   </div>
   <div class='ocr_carea' id='block_1_11' title="bbox 0 0 1328 4340">
    <p class='ocr_par' dir='ltr' id='par_1_11' title="bbox 0 0 1328 4340">
     <span class='ocr_line' id='line_1_44' title="bbox 0 0 1328 4340; baseline 0 0"><span class='ocrx_word' id='word_1_364' title='bbox 0 0 1328 4340; x_wconf 95' lang='lat' dir='ltr'><strong> </strong></span> 
     </span>
    </p>
   </div>
  </div>
 </body>
</html>
