2646 4340
219 353 281 416 tu
571 405 574 412 ⁸
608 304 785 401 arnimari
875 362 878 372 ν
983 403 984 411 Ν

259 495 328 558 XV.
347 501 368 536 ‘i
378 493 461 558 Quin
476 503 517 565 tu,
530 491 636 552 omissi
655 493 707 550 istd
723 493 868 553 nocturni
889 492 993 559 tabuit.
1008 493 1043 552 ad
1058 493 1085 552 id
1100 493 1176 570 qued

222 577 338 644 “doles
360 573 434 650 quod
457 571 709 709 [invidiamgeoriu
731 574 899 638 reverterisl
954 574 1042 651 ‘Con
1058 593 1177 649 usquam
1234 648 1237 652 ¹

221 663 240 696 ‘⁶
250 663 258 695 ‘
268 655 347 734 regni
362 654 402 712 tui
418 653 524 728 mentio
538 651 578 726 fir,
639 652 744 715 metrii
763 672 819 710 cur
829 652 945 733 dignior
959 654 1045 732 patris
1058 653 1177 712 fortunae

221 741 415 798 “‘auccessor
435 731 604 808 quibusdam
621 731 739 812 rideris,
753 731 834 808 quiin
848 733 925 808 egol
953 751 1003 790 cur
1025 751 1178 808 spem-me·

222 821 241 852 “
251 820 259 853 ‘
268 834 323 881 am,
338 833 410 888 que,
425 813 448 870 si
463 823 494 870 tu
507 831 564 870 non
578 829 667 880 enses,
681 824 759 870 certa
772 823 841 878 erat,
856 811 972 872 dubiam
985 824 1015 876 ct
1027 811 1177 872 sollicitam
1198 821 1213 861 ⁵

221 898 257 932 “‘
268 893 375 952 lacisl’
418 891 491 950 Haec
503 890 590 948 sentit
605 889 735 963 Perseus,
756 891 807 950 etsi
823 911 878 948 non
892 891 981 950 dicio:
1013 892 1073 950 baec
1093 891 1177 950 istum

221 972 406 1043 “inimicum,
426 971 488 1028 hec
509 981 702 1038 accusatorem
724 969 850 1030 faciunt:
884 971 946 1038 baec
966 971 1092 1043 domum,
1114 972 1179 1028 brec

221 1057 369 1128 “regnum
383 1063 473 1123 tuum,
486 1049 659 1118 *criminibus
679 1060 708 1106 et
728 1049 936 1124 suspicionibus
957 1051 1074 1125 replent.
1115 1050 1180 1128 Ego

221 1135 353 1198 “autem,
367 1141 456 1206 pater,
479 1125 717 1205 quemadmodum
738 1133 796 1188 'nec
817 1148 899 1201 nunc.
914 1147 1026 1206 sperare
1048 1145 1178 1206 regnum,

221 1216 240 1248 ‘⁸
250 1229 303 1268 nec
319 1209 462 1286 ambigere
477 1226 600 1283 unquam
620 1208 657 1264 dc
677 1227 712 1266 ao
731 1207 847 1266 ¹forsitan
862 1208 991 1280 debeam,
1005 1209 1072 1282 quia
1086 1209 1179 1267 minor
1190 1216 1215 1256 1⁰

221 1294 323 1361 “aum,
338 1289 404 1364 quia
417 1299 447 1346 tu
462 1307 508 1344 rne
532 1285 630 1366 majori
652 1287 755 1346 cedere
778 1287 838 1362 nis;
854 1355 856 1362 Ι
871 1287 913 1346 sic
936 1287 1004 1345 iilud
1021 1307 1076 1364 uec
1092 1288 1178 1346 debui
1203 1342 1206 1348 ,

222 1372 241 1406 “
250 1369 354 1440 facere,
368 1386 423 1426 nec
433 1367 537 1450 debeo,
559 1377 590 1424 ut
604 1365 739 1441 indignus
761 1364 803 1444 [te
817 1367 919 1447 patres]
943 1367 1078 1444 indignus
1090 1367 1180 1426 omni·
1241 1401 1244 1408 ·

222 1453 241 1486 “
250 1448 303 1506 bns
319 1448 431 1504 videar:
453 1446 481 1504 id
492 1446 573 1504 enim
585 1445 659 1504 vitiis
673 1445 824 1520 meinana
844 1446 984 1520 cedendo,
997 1446 1043 1504 cui
1065 1446 1112 1522 jus
1125 1445 1181 1506 das·

222 1531 241 1564 ‘⁴
251 1546 306 1603 quc
320 1539 372 1594 est,
387 1545 444 1584 non
459 1525 607 1600 modestia,
622 1543 787 1599 consequar.
815 1525 971 1604 'Romanos'
980 1525 1080 1602 objicis
1091 1525 1179 1595 mihi3

222 1610 279 1664 “et
300 1625 345 1680 ea,
367 1622 429 1682 qne
450 1598 547 1681 gloriae
568 1622 631 1664 esse
654 1603 770 1671 debent,
793 1603 823 1662 in
836 1599 1079 1668 ¹crinten'rertis..
1106 1603 1216 1681 Ego,¹³

222 1692 241 1724 “
251 1705 306 1744 nec
319 1685 402 1746 obses
426 1683 568 1742 Romanis
588 1693 620 1742 ut
642 1683 777 1757 traderer,
802 1703 857 1758 nec
871 1695 902 1742 ut
924 1683 1034 1760 legatus
1055 1684 1181 1748 mitterer

222 1771 241 1802 ‘⁸
251 1765 383 1835 Romam,
411 1763 496 1840 petii:
513 1774 588 1834 ⁴ata
613 1762 715 1820 missus
741 1762 781 1828 ire
801 1782 857 1820 non
884 1763 1031 1821 recusavi:
1063 1774 1180 1839 utroquo

223 1844 430 1920 “temporeita
444 1861 489 1900 me
509 1841 595 1920 gessi,
620 1861 656 1900 ne
683 1841 734 1903 tibi
759 1842 869 1918 pudori,
893 1862 928 1902 ne
952 1861 1040 1918 regno
1063 1855 1120 1915 too,
1143 1861 1181 1900 ne

223 1923 329 2002 “genti
358 1913 550 1982 Macedonum
576 1940 678 1980 essem.
732 1920 838 1997 Itaque,
859 1921 927 1980 mibi
953 1941 1019 1979 cum
1041 1921 1182 1982 Romanu

223 2003 384 2062 “amicitiae
409 2021 496 2068 causa
517 2013 546 2060 tu
569 1995 656 2078 luisti,
681 2014 767 2077 pater.
793 2001 913 2064 ,Quoad
935 1987 1029 2060 tec‘um
1052 2001 1106 2060 iiiia
1126 2007 1217 2078 paam
1318 1995 1319 2002 '

224 2089 243 2122 “
253 2083 388 2149 manebit,
411 2101 523 2140 mecum
544 2095 656 2156 quoque
677 2079 767 2156 gratia
781 2081 852 2156 erit:
882 2080 905 2138 si
929 2079 1033 2138 bellum
1047 2099 1109 2138 esse
1123 2099 1183 2140 oin·

224 2168 243 2200 ‘⁶
251 2161 334 2238 perit,
348 2161 395 2237 qui
409 2162 502 2228 obses,
516 2159 564 2236 qui
578 2159 688 2240 legatus
698 2179 748 2236 pro
760 2171 837 2236 patre
851 2167 908 2218 non
921 2159 1028 2218 inutilis
1041 2160 1091 2226 sui,
1104 2159 1181 2218 idem

224 2242 341 2298 “hostis
367 2241 422 2298 illis
453 2240 608 2298 acerrimus
634 2258 692 2298 ero.
726 2239 808 2298 =Nec
835 2237 929 2307 hodic,
954 2250 985 2296 ut
1004 2239 1090 2314 prosit
1111 2240 1181 2298 mibi

142 2391 144 2395 Ι
224 2321 345 2396 “galatia
364 2322 566 2390 Rornanorum,
580 2319 709 2396 postulo;
740 2337 777 2376 ne
790 2319 874 2392 obsit,
890 2319 1007 2376 tanturn
1029 2319 1182 2394 deprecor:

224 2403 243 2436 “
253 2417 308 2458 nec
323 2399 354 2476 in
367 2399 440 2456 bello
453 2399 549 2474 caepit,
564 2417 619 2456 nec
633 2397 669 2456 ad
685 2397 798 2456 «bellum
814 2408 978 2456 reservatur.
1017 2398 1103 2470 Pacis
1123 2398 1219 2476 pig-⁵⁸

224 2484 306 2536 “nus
321 2471 378 2546 fui3
400 2477 435 2534 ad
451 2495 549 2553 pacem
564 2477 742 2534 retinendam
763 2477 874 2553 legatus
888 2477 1086 2548 missuasumr
1107 2497 1185 2538 ‚neu-

225 2563 296 2616 “tra
317 2576 362 2614 res
383 2556 451 2614 mihi
464 2573 528 2614 inec
547 2555 650 2630 glorie,
665 2575 720 2614 nec
740 2553 854 2614 criinini
874 2555 920 2614 sit.
969 2555 1040 2632 Ego.
1068 2557 1092 2616 si
1112 2555 1185 2640 'quid

225 2641 244 2673 “
254 2636 338 2714 impie
354 2636 382 2694 in
397 2647 435 2708 te,
449 2646 537 2712 pater,
551 2635 656 2710 siquid
670 2632 805 2694 scelerate
820 2635 850 2692 in
861 2635 983 2693 -iratrem
997 2635 1108 2709 admisi,
1121 2625 1186 2694 n'irl-

225 2720 244 2752 “
253 2715 309 2776 lam
324 2715 460 2790 deprecor
473 2733 605 2791 poenam:
627 2713 650 2774 si
665 2711 803 2774 innobans
816 2719 889 2785 sum,
908 2733 945 2774 ne
959 2714 1066 2772 invidit
1080 2713 1186 2776 confla·

225 2798 245 2831 “
254 2814 344 2872 grem,
357 2813 444 2870 quum
459 2793 579 2852 crimine
594 2811 650 2852 non
662 2793 775 2873 possim,
791 2794 935 2871 deprecor.
964 2793 1032 2852 Non
1047 2793 1220 2861 bodiemc³⁰

225 2873 378 2950 “primum
394 2873 478 2930 frater
491 2874 628 2942 ac'cusat;
662 2874 712 2930 sed
733 2873 820 2932 bodie
841 2873 966 2950 primdm
987 2873 1093 2950 aperte,
1107 2873 1187 2932 nullo

225 2957 245 2990 “
254 2973 317 3012 meo
331 2953 360 3010 in
374 2972 405 3010 ae
420 2951 528 3010 nrerito.
569 2951 600 3008 Si
616 2953 685 3010 mibi
718 2964 777 3021 ater
790 2964 983 3031 succenseret,
1007 2965 1035 3010 te
1050 2952 1185 3029 majorem

225 3033 370 3090 “fratrem
392 3051 441 3108 pro
460 3031 568 3088 minore
590 2973 736 3107 deprefiiri
751 3031 905 3108 oportebat,
926 3043 954 3090 te
975 3031 1185 3098 adolescentia,

225 3113 282 3168 “te
303 3111 401 3178 errori,
423 3110 533 3167 veniam
557 3109 723 3186 impetrare:
758 3111 787 3168 in
811 3129 857 3184 ec,
875 3110 923 3168 ubi
947 3107 1109 3187 priesidium
1124 3129 1186 3170 esse

224 3191 245 3224 ‘⁴
253 3190 408 3264 oportebat,
424 3189 463 3246 ibi
477 3189 594 3246 aritium
611 3200 661 3249 est.
706 3187 876 3248 Ecdnvivio
888 3201 918 3248 et
938 3189 1219 3250 comissationibus&

226 3270 244 3303 “
253 3267 338 3343 prope
350 3269 538 3326 semisomnus
551 3277 646 3344 raptus
660 3289 724 3328 sum
742 3269 783 3328 ad
801 3287 916 3328 causam
930 3269 1075 3346 parricidii
1088 3269 1188 3328 dieen-

226 3346 340 3415 “dam3
374 3347 436 3404 sine
460 3347 613 3420 advocatis,
634 3348 696 3408 sine
720 3348 854 3425 patronis,
880 3349 939 3425 ipsc
960 3368 1009 3425 pro
1024 3367 1068 3406 me
1089 3348 1187 3407 dicere

226 3429 350 3502 “cogor.
393 3427 424 3484 Si
440 3446 490 3501 pro
510 3426 565 3484 alio
585 3427 741 3486 dicendum
761 3438 846 3501 esset,
868 3439 978 3504 tempus
998 3427 1032 3484 ad
1049 3425 1188 3492 meditan-

226 3505 321 3562 “dum
335 3514 364 3562 et
377 3505 602 3580 componendam
624 3507 780 3578 orationem
802 3508 993 3583 sumpsissem,
1017 3525 1104 3580 quum
1119 3507 1187 3584 quid

225 3585 244 3619 “
254 3583 340 3654 aliud,
354 3583 437 3659 qrrim
453 3583 560 3659 ingenii
575 3581 660 3652 sarni,
676 3585 850 3660 periclitarer
859 3588 871 3642 i
910 3583 1044 3662 Ignarus,
1062 3585 1221 3662 quidet-⁴⁰

225 3665 245 3697 “
254 3663 375 3720 cessitas
388 3680 490 3728 essem,
505 3675 533 3720 te
548 3663 649 3720 iratum
663 3675 691 3720 et
712 3663 861 3740 jubentem
884 3665 981 3722 dicere
994 3684 1120 3737 causam,
1135 3664 1189 3724 fra·

225 3744 244 3774 “
254 3751 327 3812 trem
343 3751 525 3798 accusantem
540 3741 649 3813 audivi„
686 3741 739 3800 Ille
753 3743 803 3800 diu
824 3747 889 3804 ante
913 3747 1077 3820 praeparati,
1099 3745 1188 3802 medi·

225 3819 365 3892 “tatd,‘in
378 3840 434 3887 ,me
454 3819 580 3878 oratione
594 3833 638 3880 est
658 3841 745 3882 usus:
779 3841 833 3900 ego
857 3823 1018 3906 lilium
1043 3823 1186 3906 temporis,
