2648 4338
484 340 589 394 LIBER
605 339 651 393 lx.
683 351 792 392 onem.
1057 341 1117 415 μς)

163 499 210 542 ras
239 483 445 544 consulendum
472 493 599 544 censent
659 483 724 544 Jam
750 482 786 556 is,
813 481 906 560 gravis
935 483 1027 554 aunis,
1058 503 1116 544 non

164 561 332 632 militaribus
345 563 446 633 solum,
460 565 510 622 sed
524 563 654 622 civilibus
668 581 787 638 quoque,
807 563 981 622 abscesserat
994 563 1118 622 muneri·

164 640 234 698 bust
255 683 256 691 η
274 641 304 700 in
338 662 452 720 corpore
480 654 574 701 tamen
606 643 708 700 affecto
737 641 849 718 vigebat
876 641 917 699 vis
943 642 1030 700 animi
1051 663 1118 720 pon·

163 717 284 796 siliique.
326 721 363 793 Is,
378 722 426 780 ubi
440 721 560 798 accepit,
574 721 610 780 ad
633 719 772 784 Furculas
793 719 939 780 Caudinas
960 721 1032 779 inter
1046 723 1118 781 duos

141 798 253 859 ssaltus
266 801 378 859 clausos
390 821 452 860 esse
466 801 607 859 exercitus
620 800 776 870 Romanos,
800 800 944 858 consultus
969 801 1005 857 ab
1018 802 1118 860 nuntio

163 876 225 950 filii,
240 879 361 946 censuit,
375 887 474 938 omnes
488 879 554 938 inde
564 878 652 958 quim
668 876 788 955 primtim
809 878 956 937 invioletos
976 879 1118 938 dimitten-

163 955 233 1025 dos3
254 977 317 1032 quae
331 959 379 1016 ubi
390 972 483 1036 spreta
495 959 636 1016 sententia
656 969 708 1026 est,
731 957 897 1032 iterumque,
911 959 1012 1016 eodem
1030 977 1119 1032 reme·

163 1045 231 1093 ante
248 1037 357 1110 nuntio,
371 1038 581 1110 consulebatur,
603 1037 723 1110 censuit,
744 1037 779 1094 ad
800 1055 889 1094 unum
903 1056 1001 1095 omnes
1015 1037 1118 1096 interfi-

163 1113 291 1174 ciendos.
331 1116 408 1180 Quae
423 1117 471 1174 ubi
484 1115 541 1174 tarn
555 1117 697 1174 discordia
709 1116 836 1188 intense,
857 1116 933 1173 velut
953 1135 989 1174 ex
1002 1117 1119 1192 ancipiti

132 1213 156 1254 rt
163 1194 290 1269 oraculo,
303 1215 437 1273 responsa
450 1197 516 1253 data
528 1205 613 1265 sunt3
634 1214 802 1271 quamquam
817 1195 891 1252 filius
905 1195 964 1270 ipse
979 1196 1007 1252 in
1021 1196 1119 1272 primis

162 1271 223 1349 jam
236 1275 362 1333 animum
377 1281 492 1353 'quoque
515 1275 600 1352 patria
624 1275 807 1332 consenuisse
830 1273 859 1331 in
881 1273 983 1332 affecto
1003 1293 1119 1350 corpore

164 1351 299 1423 rebatur;
330 1365 425 1414 tamen
440 1373 581 1430 consensu
599 1353 727 1412 omnium
749 1354 838 1412 victus
858 1363 910 1422 est,
932 1364 963 1411 ut
977 1355 1067 1429 ipsum
1089 1353 1119 1412 in

162 1432 314 1490 consilium
336 1433 451 1493 acciret.
493 1432 556 1491 Nec
576 1439 707 1510 gravatus
726 1451 815 1490 senex
834 1432 957 1509 plaustro
978 1433 1007 1490 in
1027 1444 1120 1490 castra

163 1507 271 1568 dicitnr
284 1512 426 1583 advectus,
441 1522 611 1588 uocatusque
634 1512 664 1570 in
685 1511 834 1570 consilium
854 1511 893 1568 ita
906 1511 993 1569 lerme
1005 1511 1119 1571 ,locutus

133 1605 238 1663 messe,
252 1600 284 1648 ut
297 1591 367 1648 nihil
381 1591 528 1648 sententie
542 1609 600 1649 suae
615 1601 753 1660 mutaret;
775 1610 876 1649 causas
889 1592 1002 1650 tantum
1016 1591 1120 1667 adjice·

164 1677 226 1727 ret:
260 1669 383 1727 “Priore
397 1689 427 1728 se
441 1669 569 1741 consilio,
588 1671 662 1746 qnod
684 1670 820 1746 optimum
834 1670 961 1742 duceret,
983 1689 1051 1728 cum
1072 1690 1120 1747 po-

163 1747 350 1806 “tentissimo
364 1748 466 1825 populo
478 1769 528 1824 per
542 1749 642 1826 ingens
665 1749 1013 1828 beneficiumperpetuam
1028 1749 1120 1808 firme·

163 1827 223 1885 “re
236 1847 336 1904 pacem
351 1827 575 1902 amicitiamque:
609 1829 826 1900 alteroconsilio
850 1828 879 1886 iu
901 1829 1001 1886 multas
1013 1839 1119 1896 etates,

163 1906 185 1940 ‘⁴
193 1907 305 1982 quibus,
319 1907 430 1965 amissis
443 1907 553 1964 duobus
565 1907 751 1982 exercitibus,
773 1907 849 1964 haud
873 1907 957 1965 facile
973 1919 1121 1982 receptura

131 1985 185 2044 η’(
193 1987 267 2046 vires
280 1987 413 2044 Romana
425 1977 470 2043 res
491 1995 574 2054 esset,
597 1985 701 2042 bellum
720 1985 849 2043 differre:
882 1987 996 2044 tertium
1010 1986 1120 2044 nullum

146 2057 342 2128 ¹“consilium
364 2065 456 2122 esse.”
495 2063 595 2126 Quum
619 2064 693 2122 filius
716 2064 819 2139 aliique
842 2065 984 2140 principes
1003 2084 1121 2140 percon·

164 2145 253 2203 tando
278 2157 507 2220 exsequerentur,
535 2141 643 2222 “Quiri
667 2142 691 2200 si
708 2143 803 2202 medie
816 2143 861 2200 ria
873 2143 985 2204 consilii
1005 2163 1119 2220 capere·

163 2225 185 2258 “
194 2234 256 2293 tart
285 2235 317 2282 ut
339 2234 368 2281 et
386 2223 595 2281 dimmnemur
618 2223 786 2295 incolumes,
800 2233 828 2280 et
840 2221 919 2300 leges
932 2223 967 2280 iis
977 2223 1040 2300 jure
1054 2223 1120 2287 belli

164 2303 275 2361 “victis
289 2303 499 2378 imponerentur
508 2304 520 2358 l
529 2303 546 2330 ’'
586 2304 605 2337 “
618 2301 676 2359 lsta
695 2301 809 2380 quidem
820 2303 1004 2371 sententia;”
1019 2303 1120 2378 inquit,

132 2383 185 2440 κ’(
193 2401 229 2441 ea
254 2393 307 2449 est,
332 2399 395 2457 quae
422 2400 513 2456 neque
533 2381 642 2440 'amicos'
665 2391 753 2456 parat,
777 2401 869 2457 neque
889 2381 1020 2442 inimicos
1041 2381 1121 2440 tollit.

165 2462 310 2520 “Servate
324 2458 416 2530 modb,
430 2480 500 2536 quos
520 2455 676 2542 ignominie
689 2460 878 2518 irritaveritis:
906 2479 941 2520 ea
960 2473 1003 2522 est
1017 2461 1122 2519 Roma·

164 2544 234 2599 “na
252 2559 333 2618 gens,
354 2559 416 2615 que
436 2540 510 2598 victe
529 2539 674 2616 quiescere
695 2539 813 2608 nesciet.
862 2539 946 2598 Vivet
958 2559 1068 2616 semper
1090 2540 1120 2598 in

166 2619 356 2699 “pectoribus
370 2619 491 2686 illorum.
514 2619 651 2694 quidquid
676 2618 749 2676 istuc
770 2637 900 2695 presens
908 2619 1063 2678 necessitas
1077 2619 1118 2676 in·
1221 2689 1223 2693 ,

166 2703 186 2736 “
194 2699 315 2768 usserit3
337 2717 427 2774 neque
441 2717 490 2755 eos
503 2710 569 2756 ante
583 2697 753 2774 multiplices
775 2717 874 2774 poenas
894 2697 1031 2774 eppetitas
1044 2716 1062 2755 a
1075 2717 1120 2756 ro·

133 2782 186 2834 πί(
195 2779 240 2837 bis
252 2777 398 2853 quiescere
411 2777 514 2834 sinet.”

207 2935 261 2996 1v.
293 2934 404 2993 Neutra
416 2933 558 2995 sententie
569 2935 695 3011 accepti,
709 2933 874 2992 Herennius
887 2935 1001 2992 domurn
1022 2953 1039 2992 e
1059 2953 1122 2994 css·

167 3017 219 3078 tris
229 3027 272 3074 est
285 3025 408 3072 avectus.
449 3013 487 3072 Et
500 3014 528 3072 in
543 3015 641 3071 castris
655 3013 794 3070 Romanis
814 3033 901 3088 quum
923 3013 1025 3071 frustra
1039 3015 1120 3074 multi

167 3106 287 3156 conatus
299 3095 335 3151 ad
349 3093 553 3169 erumpendum
568 3093 643 3168 capti
656 3103 760 3165 essent,
773 3104 803 3151 et
812 3093 871 3170 jam
884 3093 1011 3151 omnium
1025 3113 1120 3153 rerum

169 3175 264 3252 inopia
276 3184 371 3256 essetj
405 3173 471 3229 victi
496 3173 663 3230 necessitate
681 3172 787 3248 legatos
798 3172 921 3245 mittunt,
935 3171 981 3248 qui
996 3173 1121 3250 primrlm

134 3269 268 3332 apacem
283 3261 390 3328 requam
403 3262 549 3328 peterent:
578 3251 601 3308 si
615 3269 715 3326 pacem
729 3270 785 3309 non
801 3251 989 3326 impetrarent,
1004 3250 1045 3310 uti
1060 3273 1122 3330 pro·

170 3331 302 3392 vocarent
315 3332 350 3388 ad
364 3349 497 3406 pugnam.
528 3328 606 3387 Tum
621 3329 747 3396 Pontius,
762 3329 959 3388 “debellatum
973 3334 1064 3400 esse,'’
1079 3351 1122 3390 re·

170 3412 299 3489 spondit:
321 3419 386 3476 “et‚
400 3407 532 3484 quonium
548 3427 583 3465 ne
597 3408 663 3466 victi
677 3409 791 3484 quidem
801 3409 918 3485 accepti
928 3408 1066 3468 fortunam
1079 3411 1119 3467 la·
1136 3473 1138 3484 Α

172 3491 252 3550 “teri
266 3490 378 3560 scirent,
393 3487 515 3546 inermes
529 3506 595 3546 cum
615 3487 734 3564 singulis
757 3488 930 3546 vestimentis
943 3489 996 3547 sub
1016 3490 1119 3565 jugum

171 3579 191 3608 ⁸⁴
200 3570 366 3628 missurum:
388 3567 1120 3643 aliesoonditionespacisequasrictisacvictoribus

134 3659 190 3707 Μ
200 3649 276 3719 soret
297 3649 320 3706 si
335 3647 583 3726 agrosamnitium
598 3647 792 3720 decederetur,
805 3647 924 3706 colonie
945 3647 1119 3703 abduceren-

171 3738 191 3766 “
200 3739 255 3801 tur,
269 3728 327 3786 suis
338 3727 443 3785 deinde
457 3726 566 3802 legibus
580 3725 743 3784 Romanum
757 3745 791 3784 ac
806 3727 963 3786 Samnitem
977 3742 1057 3799 aequo
1069 3723 1121 3782 sce·

171 3807 267 3866 “dere
281 3805 428 3865 victurum.
470 3805 747 3942 Illi-wudilmibm
767 3818 894 3883 paratum
907 3821 938 3860 sc
951 3821 1013 3872 csse
1027 3801 1119 3862 foedus
