2646 4340
177 332 257 396 ‚aaa
439 401 442 412 Ι
599 333 668 386 mm
684 333 815 420 mvn.
918 391 924 411 Δ

168 513 171 520 ,
199 475 348 554 Campani.
388 477 545 538 Numidam
569 490 727 556 promptum
741 479 782 536 ad
803 478 900 538 omnia
919 477 1049 554 audenda
1070 478 1154 540 donia

197 555 315 632 pellicit,
331 571 370 630 ut,
384 558 472 616 literis
481 559 621 634 ,acceptis
636 559 731 640 speeie
745 559 898 636 transfugae
915 569 1006 638 eastra
1020 559 1155 618 Romana
1167 593 1169 598 ·

198 633 352 712 ingressus,
367 637 454 694 alterd
468 648 546 714 parts
560 635 689 713 Capuarp
711 638 941 714 olampervadat.
982 637 1084 696 Litora
1104 657 1155 697 au·

197 724 256 772 tem
265 729 349 784 erant
362 709 557 776 adllortations
581 717 689 793 plena:
710 720 741 796 'f‘
754 716 963 776 Profectionem
987 727 1076 790 suam,
1089 737 1154 794 quaa

197 795 354 852 “salutaris
368 795 422 852 illis
437 795 517 865 foret,
531 796 734 864 abstracturam
750 796 785 853 ad
806 795 1015 857 defendendam
1030 797 1155 862 Romam
1177 814 1192 856 a

197 874 260 930 “ab
283 876 475 951 oppugnanda·
493 876 592 950 Capua
616 877 706 932 duoes
732 892 815 950 atque
833 876 977 934 'exereitus
999 873 1154 934 Romanoa.

196 951 272 1010 “Ne
291 953 501 1029 desponderent
524 954 652 1012 animos:
668 949 670 958 '
685 955 832 1012 tolerando
846 974 957 1030 pauoos
975 955 1047 1027 dies,
1068 967 1155 1014 totam

196 1032 364 1092 “soluturos
377 1034 583 1098 obsidionem.’'
625 1033 698 1092 lude
722 1039 809 1091 naves
827 1033 860 1091 ln
882 1033 998 1092 flumine
1015 1035 1157 1092 Vulturno

195 1112 416 1186 eomprehensas
428 1113 523 1190 subigi
544 1112 579 1170 ad
602 1112 639 1182 id,
660 1113 735 1188 quod
754 1111 899 1190 jamautef
920 1113 1044 1188 praesidii
1068 1117 1155 1172 oausd

195 1189 477 1266 leceratyoastellum
487 1192 577 1268 jussit.
618 1191 751 1272 Quarum
767 1192 815 1250 ubi
829 1190 935 1272 tantam
947 1193 1067 1268 {sopiam
1082 1211 1192 1261 esse,1o

196 1279 228 1326 ut
252 1271 310 1326 und
331 1282 414 1330 noete
438 1271 529 1348 trajici
552 1281 647 1348 posset
665 1272 816 1341 exercitus,
838 1271 1019 1338 allatumest‚
1040 1271 1157 1329 cibariis

184 1348 297 1412 ¹decem
311 1349 421 1408 dierum
437 1351 607 1426 praeparatis,
626 1351 765 1409 deductas
779 1363 862 1418 noete
875 1351 913 1408 ‘ad
926 1351 1055 1419 ,fluvium
1069 1351 1157 1428 legio-

195 1447 248 1484 nes
261 1439 327 1502 ante
341 1430 565 1506 luoemtrajeoit.
616 1433 620 1492 ζ

230 1559 319 1664 ιῚῙΙῌ.
355 1587 389 1646 Id
415 1588 576 1664 priusquam
604 1587 693 1660 lieret,
715 1589 753 1646 ita
775 1565 1102 1664 lutuiumoompertum
1120 1608 1157 1647 ex
1197 1655 1198 1659 η

194 1665 357 1742 transfugis,
372 1659 494 1724 Fulvius
510 1667 634 1750 Elaeeps
655 1667 766 1750 senatui
786 1667 911 1726 Romam
926 1686 1012 1744 quum
1028 1668 1156 1744 scripsis·
1166 1689 1192 1729 aa

193 1754 247 1810 ast,
263 1745 337 1802 varie
352 1747 498 1804 horninum
514 1747 601 1812 animi
616 1763 666 1822 pro
679 1747 819 1823 cujusque·
839 1747 955 1826 ingenio
969 1747 1064 1816 affeoti
1075 1759 1155 1805 suut.

193 1821 233 1880 Ut
247 1823 276 1880 in
290 1837 391 1882 ratam
412 1826 531 1901 trepida,
546 1835 646 1883 senatu
660 1827 802 1902 extemplo
815 1827 928 1894 vsoatm'
946 1826 978 1884 P.
994 1827 1155 1896 Cornelius,

134 1901 136 1908 '
195 1902 242 1959 oui
257 1903 355 1962 Asinae
370 1924 529 1982 cognomen
543 1915 613 1973 erat,
627 1923 726 1962 omnes
737 1901 826 1963 duces
837 1905 1035 1981 exercitusque
1048 1925 1085 1964 ex
1098 1910 1156 1964 tota

195 1980 287 2055 ltalia,
302 2001 394 2060 nsque
419 1985 535 2061 Capuae,
560 2003 655 2060 neque
680 1985 764 2042 ullius
787 1985 902 2042 alterius
926 1985 967 2064 reli
988 2004 1104 2054 memor,
1119 1983 1156 2043 ad
1192 2027 1195 2032 -

194 2059 279 2123 Urbis
305 2063 467 2139 presidium
491 2061 650 2122 revocabat.
692 2057 1117 2136 Fabius'Maxirnus,'absoedi
1139 2083 1192 2124 aaa

194 2139 305 2216 Caput,
320 2143 475 2218 terrerique
486 2155 515 2200 et
535 2143 696 2220 oiroumagi'
714 2142 749 2214 ad
765 2155 850 2210 nutus
864 2144 1155 2220 comminationesque

194 2217 376 2289 Hannibalis,
401 2222 571 2298 flagitiosum
593 2223 726 2281 ducebat.
767 2222 856 2290 “Qui
877 2224 913 2280 ad
935 2221 1052 2283 Cannas
1066 2223 1155 2290 vietor

193 2299 263 2360 “ire
284 2311 378 2357 tamen
394 2303 429 2358 ad
452 2300 564 2359 Urbem'
578 2321 665 2375 ausus
679 2320 735 2359 non
757 2312 842 2376 esset,
856 2321 932 2376 eum,
953 2321 978 2372 a,
991 2303 1093 2384 Cppud
1112 2321 1157 2360 re·

152 2424 156 2431 .
192 2378 440 2454 “pulsum‚spem
454 2381 597 2461 potiunda
616 2381 815 2458 urbisRoma
834 2382 975 2458 oepissel
1029 2381 1096 2446 Non
1118 2381 1155 2440 ad

193 2458 212 2518 ‘l
222 2457 345 2518 Romam
365 2459 561 2531 obsidendam,
583 2460 633 2517 sed
655 2459 690 2516 ad
714 2459 821 2536 Capuae
834 2461 1010 2518 liberandam
1031 2455 1203 2524 obsidio-as*

193 2537 298 2606 “nem
320 2537 369 2595 ire.
411 2539 545 2612 Romam,
559 2557 625 2597 oum
640 2558 674 2598 eo
685 2539 822 2618 exercitu
834 2541 883 2615 qui
897 2541 932 2596 ad
947 2539 1045 2606 urbem
1067 2551 1155 2613 esset,
1191 2569 1193 2576 1

180 2615 331 2684 '‘flovem,
347 2611 484 2675 loed'erum
500 2630 644 2694 ruptorum
660 2618 696 2674 ab
712 2618 873 2676 Hannibale
895 2629 1005 2688 testem,
1021 2617 1156 2693 Deosque

177 2697 214 2732 '¹‘
223 2696 292 2756 alio
319 2693 485 2756 defensuros
510 2698 601 2756 esae.’'
644 2697 707 2756 Has
732 2698 857 2756 diversas
880 2697 1035 2756 sententias
1059 2697 1156 2756 media

128 2811 131 2816 -
195 2769 336 2834 senientia
351 2776 381 2834 P.
396 2777 502 2835 Valerii
514 2775 616 2838 ,Flaooi
630 2765 719 2846 visita
749 2777 808 2854 qui,
822 2777 965 2852 utriusqus
980 2776 1021 2834 rei
1035 2775 1154 2850 memor,
1180 2851 1182 2856 Ι

165 2867 167 2876 ’
195 2853 418 2932 imperatoribus,
432 2857 480 2932 qui
502 2857 537 2934 ad
552 2856 681 2932 Capuam
704 2869 810 2930 essent,
831 2856 1015 2916 scribendum
1029 2855 1192 2924 cenwines

188 2933 302 2997 '“Qutd
314 2937 352 3006 ad
367 2935 474 3004 Urbem
487 2936 610 3012 praesidii
624 2947 699 2994 esset
710 2955 729 3013 ελ
749 2947 870 3012 quantas
890 2945 984 2994 autom
1007 2927 1154 2994 Hannibal

194 3015 318 3090 “copias
340 3016 467 3089 duceret,
480 3015 648 3090 autquan'to
668 3015 798 3090 exercitu
811 3015 857 3074 ad
880 3015 1010 3092 Capuam
1023 3015 1164 3094 obsiden-¹

194 3092 289 3151 “dam
314 3114 385 3171 opus
411 3105 496 3162 esset,
524 3094 600 3172 ipsos
626 3095 710 3154 seire.
734 3094 783 3162 ¹Si
808 3105 837 3152 et
851 3094 1012 3174 Romame
1033 3095 1154 3154 ducibus

194 3173 214 3208 “
223 3170 302 3243 alter,
316 3185 344 3231 et
358 3174 503 3234 exercitlls
516 3171 666 3252 pars'mitti
681 3185 785 3250 posset,
807 3185 838 3233 ut
851 3175 893 3232 ab*
907 3175 1016 3251 reliquo
1029 3185 1058 3232 et
1078 3171 1154 3235 duos

195 3253 214 3288 “
222 3260 252 3307 et
264 3253 392 3312 exercitu
404 3254 593 3345 ,Capuareotd
607 3254 803 3324 obsideretur}
825 3254 899 3312 inter
912 3273 943 3314 se
957 3263 1155 3334 eompararent

195 3327 362 3388 “Claudius
376 3331 558 3410 Fulviusque,
573 3333 799 3394 utri¹obsidenda
822 3334 930 3414 Capua,
945 3333 1010 3406 uni,
1030 3331 1066 3390 ad
1090 3348 1189 3408 pro-ts

197 3409 376 3469 “bibendam
400 3412 547 3472 obsidione
568 3415 698 3489 patriam,
719 3411 842 3475 Romam
856 3413 1026 3484 veniendum
1046 3412 1153 3470 esset”

197 3491 264 3552 Hoo
277 3490 532 3552 senatdsoonsulto
546 3491 674 3570 Capuam
695 3493 812 3570 perlato,
832 3491 874 3552 (ab
897 3491 1014 3558 Fulvius
1034 3509 1153 3568 pronon·

197 3571 252 3638 sul‚·
266 3569 323 3636 oui,
338 3567 447 3646 collega
467 3591 503 3630 ex
524 3571 638 3633 vulnere
653 3567 737 3646 aegro,
751 3571 880 3628 eundum
906 3569 1029 3628 Romam
1044 3582 1114 3644 arat,
1133 3590 1152 3628 e

102 3655 106 3665 '
197 3643 471 3710 tribuselreroitibirs
492 3649 704 3718 militeeleoto,
729 3647 764 3706 ad
788 3647 950 3724 quindecim
973 3647 1061 3708 millia
1073 3649 1152 3726 pedi·

190 3740 269 3796 tum,
283 3729 359 3790 mille
373 3729 491 3805 equites,
510 3728 685 3819 Vulturnum
703 3728 834 3819 traducit..
874 3727 947 3819 Inde
970 3747 1057 3804 quum
1072 3727 1185 3820 Han-o

197 3807 322 3868 nibalern
336 3807 437 3868 Latina
450 3807 496 3868 via
509 3807 613 3870 iturum
625 3820 696 3868 sans
706 3819 898 3894 comperisset.
913 3827 1034 3906 ipseper
1048 3808 1151 3886 Appiae
