2648 4338
478 360 580 413 LIBER
597 363 802 414 metaxa.
1050 349 1052 356 ’
1083 365 1138 426 m

188 505 250 583 jugi
263 507 334 584 eius,
348 507 453 576 ndrunt
466 497 568 564 nomen
583 505 719 576 inditum3
741 507 790 564 sad
804 489 841 564 ab
853 525 898 574 eo,
910 523 1005 582 quem,
1020 505 1049 566 iu
1062 525 1138 567 eum·

191 597 389 645 mosacratum
403 586 516 653 vertice,
532 586 670 643 Peninum
685 585 811 648 montani
824 585 973 662 appellant
1025 619 1029 626 ,

225 743 377 802 XXXIX.
411 741 619 818 Peropportund
636 743 675 800 ad
704 742 843 818 principia
869 759 970 814 rerum,
991 739 1136 811 Taurinis,

189 823 324 896 proxime
337 823 424 899 genti,
438 822 570 879 adversus
585 821 717 878 Insubres
732 829 837 878 motum
859 820 961 878 bellurn
975 832 1053 880 erat:
1086 824 1136 880 sed

168 919 299 965 termene
319 902 472 962 exercitum
495 896 647 975 Hannibal,
671 910 703 956 ut
722 899 792 975 parti
823 899 901 956 alteri
928 899 1032 958 auxilio
1052 913 1135 974 esset,

192 977 235 1054 (in
249 979 402 1045 reficiendo
414 978 713 1060 marimensentientem
734 988 880 1035 contracta
892 978 957 1034 ante
972 979 1057 1057 mala)
1078 999 1135 1037 non

190 1069 317 1132 poterat:
337 1058 424 1115 otium
438 1056 543 1130 etenim
557 1073 592 1112 ex
605 1055 708 1124 labore,
723 1056 805 1130 copia
816 1075 852 1113 ex
872 1056 976 1131 iuopia.
990 1057 1083 1116 cultus
1100 1076 1135 1116 ex

190 1135 284 1192 illuvie
298 1137 427 1211 tabeque,
436 1134 567 1209 squalida
583 1145 614 1192 et
627 1136 711 1210 prope
724 1133 968 1208 efferate'oorpora
990 1135 1064 1192 varie
1080 1155 1136 1194 mo·

190 1213 300 1273 rebant.
340 1215 383 1272 Ea
398 1215 427 1271 Ρ.
442 1211 574 1270 Cornelio
587 1211 696 1270 consuli
717 1231 803 1270 causa
821 1213 883 1285 fuit,
896 1229 981 1286 quum
996 1213 1074 1270 Pisas
1086 1233 1136 1272 na·

158 1293 271 1356 maribus
284 1294 415 1366 venisset,
429 1291 554 1350 exercitu
574 1310 591 1348 a
612 1289 721 1348 Manlio
737 1281 883 1366 'Atilioque
898 1301 1016 1366 accepto
1033 1284 1134 1366 tirone,

189 1384 219 1427 et
231 1371 259 1427 in
275 1372 353 1428 noris
367 1369 657 1449 ignominiistrepido‚
671 1370 706 1426 ad
721 1368 829 1427 Padum
843 1369 1009 1439 festinandi3
1024 1381 1055 1428 ut
1067 1387 1133 1429 cum

190 1449 268 1506 hoste
288 1452 413 1508 nondum
427 1449 534 1506 refecto
552 1467 666 1505 manum
686 1458 855 1506 consereret.
896 1447 953 1506 Sed
973 1466 1060 1522 quum
1074 1449 1135 1507 Pla·

190 1528 311 1586 oentiam
334 1529 432 1586 consul
452 1527 538 1594 venit,
554 1527 614 1604 ¹jam
634 1545 670 1585 ex
690 1527 797 1584 stativis
818 1537 941 1584 moverat
966 1525 1133 1598 Hanniba13

189 1605 434 1682 Taurinorumque
449 1611 534 1666 unam
547 1607 655 1684 urbem,
676 1617 761 1680 caput
773 1605 866 1682 gentis
879 1605 949 1681 ejus,
964 1606 1029 1682 quia
1042 1605 1135 1680 yelen-

158 1711 181 1750 15
189 1681 267 1742 tisin
282 1685 434 1754 amicitiam
448 1685 504 1743 riou
517 1685 675 1754 veniebant,
690 1684 717 1741 vi
730 1687 921 1761 expugnarant
939 1683 1134 1760 iunxissetque

190 1763 253 1834 sibi,
274 1783 330 1820 non
353 1757 613 1834 metu'soldm,aed
637 1763 722 1820 ¹etiam
736 1763 885 1831 uoluntate,
907 1763 1002 1832 Gallos
1022 1765 1133 1824 accolae

190 1841 279 1911 Padi3
301 1843 330 1899 ni
345 1861 409 1914 eos,¹
424 1842 701 1916 circumspectantes
714 1841 880 1920 delectionis
901 1851 1020 1916 tempus,
1041 1841 1133 1900 rubitb

190 1921 325 1978 adventus
339 1920 462 1978 consulis
474 1919 665 1994 oppressisset
705 1919 744 1976 Et
756 1919 898 1976 Hannibal
907 1920 998 1976 morit
1009 1939 1044 1977 ex
1057 1920 1134 1977 Tau·

189 1999 266 2069 riuis,
282 1999 412 2065 incertos,
427 2017 488 2074 quae
502 2016 565 2072 pars
586 1998 729 2072 sequenda
752 2008 834 2068 esset,
856 1997 953 2054 Gallos
965 2009 1131 2073 presentem

154 2089 379 2143 wsesecuturos
392 2089 476 2134 ratus.
517 2076 581 2133 Jam
602 2078 687 2152 prope
707 2075 736 2132 in
751 2086 904 2151 conspectu
927 2087 1008 2134 erant
1027 2076 1134 2134 caerci-

188 2164 246 2228 tus,
257 2167 500 2230 convenerantque
514 2156 611 2221 duces,
624 2154 709 2212 'sicuti
723 2154 795 2212 iuter
806 2171 836 2210 se
845 2154 968 2212 nondum
983 2155 1050 2213 eatis
1064 2155 1132 2222 noti,

188 2233 227 2290 ita
237 2235 300 2310 jam
310 2235 433 2292 imbutus
446 2239 562 2308 uterque
575 2233 697 2308 quidam
711 2232 894 2290 admiratione
908 2232 1029 2298 alterius.
1057 2233 1133 2300 Nam
1147 2305 1150 2312 ,

188 2311 357 2370 Hannibalis
369 2324 398 2370 et
412 2313 484 2389 apud
497 2312 654 2379 Romanos,
676 2311 734 2388 jam
747 2325 812 2368 ante
834 2311 953 2388 Sagunti
967 2311 1132 2385 exscidium,

188 2391 400 2449 celeberrimum
420 2401 524 2471 nomen
537 2401 613 2448 erat:
640 2402 669 2448 et
682 2391 844 2466 Scipionem
860 2389 1003 2448 Hannibal
1017 2410 1052 2448 eo
1065 2391 1132 2467 ipso,

153 2468 260 2544 ffiqmid
281 2472 413 2528 adversus
433 2489 463 2529 ee
484 2471 543 2528 dux
557 2469 837 2545 potissimrimlectue
849 2479 933 2540 esset,
957 2481 1133 2544 praestantem

189 2549 277 2606 virum
297 2551 449 2607 credebat:
483 2560 512 2606 et
532 2559 668 2606 auxerant
689 2548 761 2606 inter
776 2566 813 2618 wse
834 2547 1006 2622 opinionem,
1027 2547 1133 2623 Scipio,

187 2627 271 2701 qudd,
285 2628 399 2686 relictus
420 2629 448 2686 in
463 2628 564 2695 Gallis,
578 2629 677 2686 obvius
691 2627 784 2684 lueret
794 2625 823 2682 in
838 2623 947 2682 Italiam
961 2637 1134 2700 transgresso

188 2705 344 2763 Hannibali
356 2727 364 2775 ς
387 2707 540 2772 Hannibal,
561 2717 591 2764 et
604 2717 706 2768 conatu
720 2718 778 2763 tam
792 2704 893 2772 audaci
907 2703 1135 2778 trajiciendarum

187 2781 357 2862 Alpiumet
370 2785 482 2858 effectu.
522 2785 682 2859 Occupavit
694 2795 788 2840 tamen
814 2781 910 2856 Scipio
931 2781 1039 2841 Padum
1057 2781 1132 2857 traji-

151 2892 177 2932 ω
186 2873 269 2930 oere3
290 2875 328 2930 et,
343 2865 378 2922 ad
393 2863 529 2920 Ticinum
543 2881 654 2919 amnem
670 2862 752 2918 motis
765 2860 874 2932 castris,
885 2857 1052 2934 pruisquam
1062 2861 1135 2916 edu·

185 2951 265 2997 cerat
279 2940 306 2998 in
320 2942 421 3013 aciem,
435 2941 670 2998 adhortandorum
686 2939 806 2996 militurn
827 2937 924 3005 causis,
938 2938 1022 2995 telem
1035 2938 1135 3003 oratio·

71 3053 75 3060 ·
166 3078 169 3086 ,
185 3037 253 3077 Hem
266 3037 381 3082 QXOl'SUS
393 3031 454 3078 est:

212 3176 290 3234 ·XL.
325 3177 384 3235 “Si
404 3197 470 3236 eum
489 3177 655 3246 exercitum,
677 3176 791 3245 milites,
811 3175 963 3232 educerem
984 3174 1013 3242 in
1034 3175 1134 3246 aciem,

186 3263 297 3332 “quem
319 3256 348 3314 in
369 3256 462 3314 Gallie
482 3266 594 3314 mecum
616 3256 711 3322 habui,
725 3251 953 3330 ¹supersedissem
966 3254 1040 3329 loqui
1061 3255 1135 3330 apud

151 3342 282 3411 gl‘ros:
315 3333 383 3411 quid
407 3335 484 3393 erim
505 3335 651 3394 adhortari¹
672 3334 789 3391 referret
814 3343 862 3390 rut
881 3351 931 3390 eos
951 3334 1067 3409 equites,
1088 3332 1134 3406 qui

187 3415 367 3490 “equitatum
383 3415 503 3472 hostium
517 3413 552 3472 ad
567 3413 739 3470 Rhodanum
751 3410 855 3468 flumen
866 3411 980 3489 egregie
993 3413 1134 3476 vicissent,

186 3499 263 3550 “aut
275 3487 473 3570 eas·legione's‚
487 3511 552 3550 oum
574 3491 675 3568 quibus
689 3491 844 3567 lugientem
866 3491 942 3550 bunc
963 3491 1053 3580 ipsum
1074 3489 1125 3544 hos

186 3578 271 3630 “tem
292 3571 415 3640 sec'utual
433 3572 639 3630 confessionem
654 3565 783 3628 cedentis
804 3588 838 3626 ac
851 3569 1033 3646 detractantis
1047 3578 1134 3624 certa·

186 3649 279 3708 “rnen
295 3651 471 3726 provictorii
486 3651 591 3710 habuil
630 3650 660 3707 N
663 3669 729 3722 unc,
744 3649 817 3724 qula
841 3649 887 3724 ilie
902 3647 1054 3716 exercitus,
1069 3645 1133 3702 His·

152 3729 306 3806 4⁰“paniae
327 3731 476 3805 provincie
503 3730 633 3804 scriptur,
661 3729 809 3812 ibicum,
823 3727 906 3802 fratre
923 3713 1134 3798 'Cn.⁴Scipione
1182 3760 1184 3765 ·

186 3813 205 3846 “
214 3807 286 3866 meis
299 3809 431 3884 auspiciis
444 3829 501 3866 rem
513 3806 661 3885 'geriqdbi
671 3827 738 3864 eum
752 3808 852 3882 gerere
871 3805 985 3883 senatus
1005 3803 1128 3878 populus·
