2646 4340
219 331 279 402 aen
513 411 515 420 Ι
630 334 799 396 naaman

220 478 239 514 “
250 478 428 552 reducerent,
447 479 483 538 ad
503 499 569 540 cum
590 480 727 558 privatum
747 503 788 547 ea
802 483 867 554 pilli
887 486 938 544 aaa
957 487 1169 561 extrahendum,

220 558 286 614 “ad
308 577 422 618 causam
443 560 605 636 dicendam,
620 561 729 622 mittere
747 583 802 622 non
824 557 1009 624 audeamus.”'
1046 565 1169 626 'lhibuui

204 635 320 714 plebis,
335 639 464 716 appellati
479 640 515 700 ab
528 639 562 720 L.
578 641 723 717 Scipione,
738 643 776 700 ita
789 643 984 712 decreverunt,
1005 645 1065 702 “Si
1081 647 1168 708 morbi

221 719 239 751 ‘⁴
251 719 336 776 causi
351 730 542 789 excusaretur,
556 719 610 778 sibi
624 720 746 796 placere,
759 722 849 798 accipi
863 741 927 780 eam
941 743 1064 792 causam,
1084 725 1162 786 diem

220 797 238 830 “
249 814 303 871 que
317 815 334 854 a
347 797 463 874 collegis
476 797 613 874 prodici.'’
644 799 801 860 ¹Tribunus
818 801 907 876 plebis
930 822 965 860 eo
985 812 1109 877 tenipore
1122 803 1170 862 Ti.
1193 817 1208 857 s

221 874 404 950 Sempronius
416 878 566 952 Gracchus
578 889 647 948 erat,
662 879 709 936 cui
730 879 883 940 inimicitiae
902 901 969 940 cum
991 881 1022 940 P.
1038 882 1171 958 Scipione

219 951 452 1014 intercedebant:
483 956 518 1030 is,
530 976 617 1032 quum
631 959 764 1035 eetuissct
777 979 879 1018 nomen
893 978 975 1018 suum
985 961 1103 1032 ,decreto
1115 962 1161 1020 col

219 1031 345 1108 legarunt
365 1035 497 1104 adscribi,
519 1036 723 1112 tristioremque
741 1057 841 1096 omnes
863 1029 1031 1100 sententiam
1055 1059 1172 1116 exspem

219 1119 320 1186 tarent,
343 1114 382 1172 ita
401 1115 546 1173 decrevit:
586 1114 716 1178 “Quum
740 1115 891 1194 LnSciplo·
905 1131 1022 1182 excuset
1042 1119 1170 1180 morbum

218 1190 236 1225 ‘⁵
249 1211 311 1250 esse
325 1205 430 1252 cause
440 1194 532 1268 fratri,
546 1195 614 1254 satis
634 1195 663 1252 id
686 1195 739 1266 ajbi
761 1196 858 1256 videri.
895 1198 936 1256 ¹Se
950 1197 981 1255 P.
996 1198 1171 1272 Scipionem,
1182 1210 1208 1256 tt

218 1269 237 1306 “
248 1272 409 1350 priusquam
424 1271 547 1350 Romam
561 1274 690 1348 redisset,
703 1278 831 1334 accusari
845 1296 901 1336 non
915 1295 1081 1352 passurum:
1112 1288 1171 1336 tum

219 1349 369 1428 “quoque,
390 1352 414 1410 si
434 1371 465 1430 se
485 1353 616 1432 appellet,
637 1353 741 1412 auxilio
770 1355 797 1414 ei
826 1355 959 1424 saturum,
990 1374 1026 1412 ne
1054 1375 1171 1414 causam

218 1431 238 1466 “
248 1431 334 1494 dicat.
376 1432 422 1490 lid
437 1431 468 1490 id*
480 1432 622 1510 fastigium
636 1433 721 1493 rebus
733 1435 828 1510 gestis,
843 1435 994 1494 honoribus
1005 1435 1098 1511 populi
1112 1435 1173 1494 Ro.-

218 1511 238 1545 ‘⁶
250 1511 336 1583 mani,
361 1510 392 1570 P.
408 1510 571 1594 Scipionem
580 1496 709 1570 bennun
735 1511 935 1588 hominumque
949 1533 1098 1590 consensu
1109 1531 1172 1590 pen-

218 1591 238 1625 “
249 1589 376 1658 venisse·
390 1601 421 1650 ut
434 1591 487 1648 sub
500 1591 613 1649 Rostris
626 1610 705 1648 reum
719 1602 801 1664 stare,
815 1602 844 1654 et
865 1593 993 1669 prebere
1003 1609 1084 1650 aures
1105 1593 1171 1652 ado·
1182 1604 1207 1650 te

218 1673 235 1704 ‘⁴
248 1669 416 1728 lescen'tium
443 1669 590 1744 conviciis,
617 1669 720 1746 populo
745 1671 880 1730 ‘Romano
905 1670 1004 1750 imagis
1034 1671 1171 1745 deforme,

217 1746 333 1824 “quim
347 1747 409 1826 ipsi,
423 1749 488 1809 eit·”
553 1814 556 1818 Δ
1001 1769 1004 1783 '

257 1905 340 1966 mn.
362 1898 604 1985 najennuennn'n
618 1907 858 1986 indignationem:
879 1913 897 1945 «
910 1879 1173 1986 snbhnrannnnn

216 1990 235 2023 “
249 1987 299 2046 tria
320 1987 414 2060 stabit,
441 1987 556 2056 tribuni,
581 1989 701 2050 domitor
721 1988 768 2048 ille
791 1988 909 2058 Africae,
929 1989 1051 2066 Scipio!
1101 1987 1172 2048 Ideo

216 2070 369 2142 “quatuor
391 2067 579 2130 nobilissimos
592 2068 688 2136 ⁴duces
707 2067 857 2129 Poenonnn
885 2069 914 2126 in
936 2067 1084 2144 Hispanii,
1105 2081 1209 2143 qua-sa

215 2151 310 2203 “tuor
336 2145 477 2204 exercitus
504 2145 576 2205 fudit
600 2147 783 2224 ¹fugavitque:
817 2146 882 2206 ideo
905 2148 1065 2224 Syphacem
1085 2144 1172 2221 oepit,

215 2229 234 2266 ‘⁴
248 2225 440 2284 Hannibalem
454 2225 568 2297 devicit,
583 2223 786 2302 Carthaginem
806 2219 973 2302 vectigalem
994 2225 1075 2281 nobis
1094 2223 1171 2291 iecit,

216 2311 237 2346 ‘t'
248 2305 423 2364 Antiochum
440 2304 560 2380 (recepit
572 2305 649 2362 enim
664 2303 780 2362 fratrem
798 2317 956 2362 consortem
978 2303 1062 2378 hujus
1074 2301 1172 2379 gloriae

216 2391 235 2426 “
247 2383 279 2442 L.
297 2383 415 2466 Scipio)
439 2383 511 2440 ultra
533 2383 623 2442 Tauri
644 2383 714 2459 juga
736 2384 849 2456 emovit,
875 2375 905 2440 u't
924 2379 1033 2440 duobus
1054 2381 1172 2442 Petilliis
1207 2397 1210 2412 ·
1313 2369 1314 2376 ¹

216 2471 236 2506 n
241 2462 456 2529 succumberet,
471 2481 520 2520 vos
532 2463 568 2520 de
583 2461 613 2518 Ρ.
626 2447 763 2520 Aliicanc
776 2462 897 2538 palmam
909 2461 1069 2544 peteretisi
1089 2459 1208 2524 vNubae

216 2551 235 2586 ‘⁴
246 2541 319 2600 lisne
334 2541 440 2618 meritis
452 2540 519 2611 suis,
534 2540 618 2598 nullia
634 2541 733 2598 restris
756 2541 919 2608 honoribus,
942 2559 1064 2615 unquam
1078 2539 1107 2598 in
1128 2558 1172 2598 ar·

216 2632 235 2666 ⁴⁶
249 2641 316 2692 cena
327 2631 416 2678 tutam
429 2631 458 2677 et
472 2619 547 2678 velut
559 2629 686 2678 sanctem
708 2619 777 2694 clari
797 2619 848 2678 viri
862 2617 1045 2696 pervenient:
1074 2618 1170 2695 ubi,.si

216 2711 235 2746 ‘⁴
246 2719 309 2762 non
329 2698 516 2771 venerabilis,¹
532 2697 663 2757 inviolata
685 2698 794 2767 saltem,
818 2703 950 2758 senectus
967 2715 1064 2758 eorum
1078 2697 1171 2760 cousi

216 2793 235 2826 ‘⁴
247 2781 295 2838 dat
307 2779 347 2836 l''
376 2775 475 2836 ‘tuonit
487 2790 516 2835 et
529 2779 685 2850 decretum,
698 2789 728 2836 et
741 2776 852 2855 adjecta
864 2777 962 2849 oratio,
983 2796 1040 2836 non
1054 2788 1171 2836 ceteros

216 2859 309 2926 modii,
324 2857 374 2916 aed
388 2857 462 2933 ipsos
476 2857 561 2914 etiam
576 2856 770 2926 accusatores:
785 2868 823 2930 et,
834 2857 1036 2916 deliberaturos
1049 2875 1090 2928 se,
1103 2856 1169 2930 quid
1179 2867 1205 2912 aa
1311 2857 1312 2880 ¹

219 2941 264 2998 sui
276 2939 347 3016 juris
360 2949 389 2994 et
406 2935 491 2994 officii
505 2931 590 3002 e'sset,
604 2935 743 2996 dixerunt
766 2941 771 2952 “
785 2937 908 2995 Senatus
921 2936 1034 3005 deinde,
1048 2933 1170 2994 concilio

215 3019 307 3095 plebis
330 3015 455 3086 dimisso,
480 3014 575 3072 haberi
597 3027 640 3072 est
661 3026 781 3091 coeptus.
800 3057 803 3064 ⁴
821 3016 865 3074 Ibi
880 3015 977 3092 gratiae
991 3014 1120 3090 ingentes
1134 3013 1170 3070 ab

217 3097 347 3154 universo
373 3095 483 3161 ordine,
508 3093 649 3170 praecipue
678 3113 695 3152 a
722 3093 919 3164 consularibus
946 3093 1168 3167 senioribusque,

216 3173 264 3232 Ti.
279 3174 411 3232 Graccho
422 3185 492 3232 actae
506 3183 580 3244 sunt,
594 3173 669 3248 qudd
693 3173 896 3249 rempublicam
920 3171 1033 3248 priuatis
1046 3171 1170 3230 simulta-

216 3252 290 3312 tibus
317 3253 451 3327 potiorem
474 3251 636 3325 habuisset:
671 3263 701 3312 et
723 3252 827 3311 Petillii
849 3251 939 3310 vexati
963 3261 1028 3308 sunt
1050 3249 1205 3324 probriste

216 3329 288 3408 quod
303 3330 452 3405 splendere
465 3331 557 3390 aliene
577 3331 684 3394 invidia
703 3331 865 3404 voluissent,
888 3341 918 3388 et
940 3328 1075 3406 spoliaea
1093 3327 1170 3386 nni·

190 3449 195 3460 ·
217 3409 282 3470 cani
296 3409 438 3483 triumpho
453 3420 591 3488 peterent.
626 3410 777 3482 Silentium
791 3409 895 3468 deinde
909 3409 944 3465 de
960 3405 1096 3470 Africano
1108 3405 1168 3466 suit

217 3489 312 3547 Vitam
328 3485 436 3546 Literni
449 3489 509 3566 egit
522 3489 584 3546 sine
598 3489 738 3548 desiderio
751 3489 836 3547 Urbis
848 3509 855 3547 :
876 3486 1041 3546 morientem
1055 3504 1120 3542 rure
1129 3504 1169 3543 ,eo

217 3566 277 3643 ipso
304 3567 366 3626 loco
386 3567 498 3640 sepeliri
519 3586 549 3624 se
576 3566 693 3642 jussisse
715 3567 817 3633 lerunt,
839 3575 1108 3640 monumentumque
1128 3563 1167 3622 ibi

217 3645 361 3717 aedificari,
382 3663 418 3710 ne
436 3643 524 3703 lanus
544 3645 597 3703 sibi
619 3643 647 3703 iia
670 3645 786 3721 ingrati,
800 3645 887 3721 patrii
909 3643 996 3702 lieret.
1019 3711 1021 3718 ‚
1039 3643 1095 3702 Vir.
1110 3655 1204 3702 mean

217 3725 379 3782 morabilis:
400 3722 508 3783 bellicis
521 3735 627 3792 tamen,
641 3723 726 3799 quim
740 3726 828 3801 pacis,
842 3723 948 3783 artibus
961 3720 1168 3782 memorabilior

216 3803 308 3878 prima
320 3821 385 3881 pars
399 3803 471 3875 vite,
482 3801 565 3880 quairn
579 3805 728 3883 postrema,
743 3805 811 3877 suin·
838 3803 906 3881 quia
920 3803 949 3862 iu
960 3803 1078 3886 juventi
1095 3800 1169 3860 bella
