2646 4340
485 369 590 422 LIBER
605 371 723 426 XXXIV.
750 379 885 424 ermen·
948 429 951 443 ‚
1084 373 1145 436 256

196 507 295 588 “quid
310 509 424 576 tandem
444 513 507 572 nori
527 526 661 577 matrone
682 516 818 588 leserunt,
838 511 913 592 qudd
934 513 1094 592 frequentes
1114 515 1146 576 iu

196 591 311 650 “eausti
324 593 359 650 ad
373 611 403 650 se
416 595 576 678 pertinente
597 595 626 652 in
649 597 791 672 publicum
805 595 1022 672 processeruntl
1061 595 1091 652 N
1094 615 1146 656 un·

194 670 306 746 “quani
333 682 399 730 ante
426 672 480 732 hou
500 685 610 750 tempus
630 673 658 742 in
679 675 794 751 publioo
812 675 1024 752 apparuerunt'l
1064 673 1146 734 'l'uas

195 749 357 811 “fadrersus
381 763 409 810 te
439 753 602 829 ‘Origines
610 753 622 784 ·’
646 755 793 814 revolvam.
847 753 967 829 decipe,
986 752 1096 830 quoties
1115 753 1145 812 id

171 828 359 904 's“laeerini,l
372 842 401 889 at
419 832 531 907 quidem
547 852 656 910 semper
676 834 750 894 bono
771 832 893 910 publioo.
934 831 998 890 Jam
1012 851 1029 890 a
1042 831 1147 909 prinoi-

194 909 278 984 “pio,
293 922 428 987 rogitante
442 912 573 983 Romulo,
588 931 685 988 quum,
702 913 842 990 Capitolio
859 911 900 970 'ali
919 907 1032 972 Sabinis
1052 923 1145 992 capto,

177 987 213 1054 f‘
223 990 316 1048 medio
329 989 431 1054 insons
445 989 533 1068 signis
545 991 653 1050 collatis
666 993 964 1064 dimioaretur,nonne
986 991 1146 1060 intercursu

193 1065 411 1132 “matronarum
425 1069 497 1130 inter
506 1071 589 1130 acies
600 1071 670 1130 duas
681 1073 807 1148 proelium
819 1072 948 1132 sedatum
958 1081 1001 1130 est
1013 1071 1024 1127 l
1044 1067 1146 1132 Quid'l

193 1148 335 1224 “regibus
355 1150 472 1216 enanis,
493 1169 590 1226 quum,
612 1151 763 1210 Coriolano
783 1150 895 1210 llaroio
913 1151 997 1217 duee,
1018 1149 1146 1226 legiones

158 1223 495 1292 so“V0lseorumJoastra
512 1231 546 1290 ad
569 1230 697 1305 quintum
718 1231 840 1307 lapidem
861 1229 1028 1306 posuissent,
1049 1247 1145 1288 nonne

193 1307 250 1366 “id
267 1327 383 1385 agmen,
404 1327 459 1383 quo
478 1308 578 1378 obruta
604 1310 664 1368 hee
688 1311 754 1370 urbs
773 1320 858 1377 esset,
874 1320 1019 1382 ,matronae
1039 1320 1147 1368 averte·

193 1387 309 1446 “runtl
329 1387 427 1454 „lami
439 1388 507 1445 urbe
520 1401 603 1464 oapta
616 1389 745 1471 a'Gallis,
767 1407 822 1466 quo
842 1388 987 1464 redempta
1000 1386 1068 1444 urbs
1079 1387 1145 1446 est-l

193 1469 323 1542 “nempe
343 1485 443 1536 aurum
471 1476 604 1528 matronae
631 1487 773 1530 consensu
802 1468 927 1536 omnium
949 1467 978 1524 in
998 1465 1145 1542 publicum

194 1546 411 1618 “sontulerunt.
435 1545 581 1607 proximo
596 1547 668 1606 ballo'
683 1549 733 1621 (ne
751 1549 866 1624 antiqua
888 1547 1026 1624 repetam)
1048 1541 1145 1627 non'pe

160 1629 260 1692 efflet,
274 1645 359 1701 quum
374 1625 500 1702 peounid
512 1645 582 1703 opus
597 1627 658 1695 mit,
673 1621 819 1690 viduarum
835 1625 962 1704 pedania
977 1625 1161 1701 adjuverunt

193 1711 212 1744 ‘⁴
222 1707 370 1775 aerariorum
399 1717 438 1780 et,
459 1725 545 1781 quum
562 1705 615 1776 'Dii
637 1725 748 1783 quoque
772 1707 836 1781 nori
854 1707 889 1764 ad
903 1709 984 1782 opem
999 1704 1144 1764 serendam

191 1783 314 1842 “dubiis
340 1785 424 1848 rebus
446 1797 664 1850 arcesserentur.
692 1797 826 1862 matronae
851 1785 989 1844 universae
1009 1785 1044 1843 ad
1067 1801 1144 1842 mare

192 1863 352 1938 “prolaeta
366 1864 480 1922 suntad
495 1863 616 1926 Matrem
640 1863 746 1952 Idaeam
770 1863 966 1940 accipiendam
978 1865 990 1920 l
1030 1862 1145 1922 ‘Dissi-

192 1943 337 2012 “‘milds‚’
364 1943 466 2018 inquis,
492 1949 605 2002 ‘cause
622 1945 712 2010 sunt!
753 1943 819 2002 Nee
836 1943 905 2002 mihi
918 1961 1019 2000 causas
1033 1959 1144 2016 equare

153 2022 462 2098 ·2“propositum·est:
485 2022 553 2080 nihil
569 2022 632 2080 novi
647 2021 762 2089 factum,
777 2041 895 2099 purgare
909 2021 978 2080 satis
989 2031 1039 2078 est.
1081 2020 1144 2080 Ca-

191 2109 211 2144 ‘⁶
220 2091 319 2174 turiani,
340 2102 414 2176 quod
439 2102 467 2159 in
489 2101 573 2160 rebus
586 2103 620 2159 ad
635 2122 734 2160 omnes
748 2102 850 2178 pariter
864 2101 935 2158 viros
959 2099 1143 2176 soeminasque

191 2189 212 2225 ‘⁴
221 2163 425 2255 pertinentibus
438 2181 540 2238 facisse
552 2200 601 2240 eas
615 2197 699 2244 nemo
722 2182 837 2254 miratus
857 2193 909 2252 est,
930 2171 965 2238 in'
980 2179 1071 2240 eausa
1084 2197 1145 2255 pro-

192 2259 330 2334 “priead
352 2259 604 2337 ipsas‘pertinente
626 2261 764 2320 miramur
782 2260 905 2322 secisse-l
944 2257 1024 2320 Quid
1049 2269 1143 2318 autem

191 2335 524 2416 ‘lleearuntlsuperbas
545 2341 604 2416 (ine
631 2343 702 2398 Dius
725 2337 821 2420 lidius.)
846 2359 928 2402 aures
949 2339 1094 2408 habemus,
1108 2335 1142 2406 si,

153 2429 304 2493 nuquam
320 2419 426 2478 domini
441 2438 583 2477 servorum
598 2440 654 2478 non
664 2421 807 2480 fastidiant
819 2419 928 2498 pronos,
939 2437 992 2494 nos
1004 2417 1096 2496 rogari
1106 2417 1144 2476 ab

189 2497 344 2556 “honestis
358 2498 481 2560 feminis
494 2499 682 2576 indignamur.

231 2655 282 2732 VI.
304 2658 428 2734 “Venio
442 2675 520 2716 nune
534 2659 569 2716 ad
586 2659 623 2730 id,
645 2661 680 2716 de
698 2679 754 2736 quo
778 2659 885 2735 agitur:
917 2657 946 2714 in
962 2665 1025 2734 ¹qud
1038 2653 1143 2730 duplex

190 2736 208 2770 ‘¹
219 2737 343 2794 consulis
356 2738 445 2795 oratio
459 2737 530 2796 suit:
552 2755 617 2804 nam
631 2751 660 2796 et
673 2739 765 2816 legem
781 2732 1143 2810 ullamomoinoalrrogari

191 2815 262 2870 “est
274 2811 457 2891 indignatus}
485 2827 516 2873 et
526 2815 743 2893 eam'praecipue
758 2818 858 2894 legem,
873 2835 938 2896 quse¹
949 2813 1068 2872 luxuriae
1082 2831 1143 2871 mu·

156 2891 314 2950 au“liebris
326 2896 493 2964 ooydreendae
507 2897 599 2966 eausa
610 2897 666 2952 lata
678 2908 760 2964 esset.
803 2895 840 2954 Et
854 2892 900 2952 illa
920 2892 1079 2958 eommunis
1093 2911 1144 2968 pro

191 2975 210 3008 “
219 2970 328 3048 leg'ibus
343 2975 400 3030 visa
411 2975 568 3032 consularis
579 2975 668 3038 oratio
680 2987 741 3045 est3
773 2987 802 3033 et
815 2975 878 3033 haee
890 2974 1023 3030 adsersus
1036 2970 1143 3030 luxuri·

189 3053 262 3107 “am
278 3053 467 3111 severissimis·
480 3055 607 3115 moribus
627 3055 822 3122 conveniebat
864 3053 962 3128 ltaque
986 3051 1142 3128 perieulum

135 3131 137 3134 ’
189 3135 268 3200 “esa
282 3131 346 3198 nisi,
361 3133 426 3207 qnid
442 3134 470 3190 in
490 3135 612 3209 utraque
634 3153 664 3191 re
678 3133 741 3191 vani
756 3134 800 3206 sit,
814 3134 1005 3198 docuerimus,
1024 3149 1060 3190 ne
1080 3130 1143 3207 quis

189 3214 294 3267 “error
307 3211 385 3267 vobis
395 3203 563 3272 olilmdatur.
605 3211 668 3288 Ego
680 3213 772 3285 terrim,¹
788 3211 1025 3288 quemadmodum
1048 3229 1085 3268 ex
1099 3209 1142 3268 his

156 3287 337 3366 orelegium,
351 3309 421 3364 quaa¹
434 3309 489 3350 non
505 3292 533 3349 in
549 3305 662 3368 tempus
673 3291 796 3367 aliquod,
811 3292 862 3349 sed
883 3302 1024 3367 perpetum
1038 3289 1142 3347 utilita-

189 3368 252 3426 “tis
265 3370 357 3430 eausa
380 3369 408 3426 in
433 3367 647 3429 aeternum'latae
660 3383 736 3444 sunt,
756 3370 1014 3447 nullamxabmgari
1037 3368 1141 3426 debera

190 3454 209 3488 ‘⁸
218 3445 315 3523 fateor,
327 3449 380 3506 nisi
394 3467 478 3524 quam
493 3449 541 3507 au‘t
553 3469 622 3507 usus
644 3450 780 3526 coarguit,
803 3443 851 3508 aut
874 3461 962 3508 status
975 3447 1075 3523 aliquis
1088 3445 1142 3503 rei·

190 3527 341 3601 “publioaa
350 3529 477 3587 inutilem
493 3519 560 3588 lecit
571 3550 585 3600 3.
610 3529 661 3602 sie,
680 3547 750 3605 quas
771 3541 901 3606 tempora
919 3529 1012 3604 aliqua
1031 3524 1141 3582 deside·

190 3606 318 3665 “ararum
331 3609 417 3686 legas,
443 3610 577 3678 mortales
594 3609 812 3687 (utitadieam)
835 3620 864 3667 et
886 3605 1059 3684 temporibus
1072 3603 1141 3678 ipsis

157 3686 442 3746 mensuales-esse
455 3689 543 3746 rideo.
584 3689 660 3751 Quo
675 3690 788 3766 inpaee
810 3689 875 3747 late
887 3698 961 3756 sunt,
975 3683 1140 3774 plerumque
1238 3689 1241 3698 ⁴

189 3776 208 3810 ‘⁴
218 3764 321 3822 bellum
336 3767 468 3843 abrogat3
489 3763 551 3843 qua
566 3767 594 3826 in
610 3768 690 3839 bello,
705 3788 759 3844 pax
771 3788 780 3827 r
809 3781 840 3827 ut
862 3768 891 3826 in
915 3763 994 3822 naris
1007 3761 1140 3821 adminis-

189 3841 336 3913 “tratione
353 3845 411 3904 alia
430 3846 460 3905 in
479 3846 645 3919 secundam,
667 3847 721 3906 alia
736 3849 764 3906 iri
779 3850 924 3908 adversam
945 3842 1140 3920 tempestatem
