2642 4338
499 345 601 398 LIBER
618 347 662 397 lV.
682 354 743 399 css.
755 363 806 400 ru.
909 383 912 390 »
1068 351 1123 416 lll

173 500 219 550 aut
232 499 295 567 post
308 489 413 553 bellum
428 469 561 548 dilaturos
575 511 657 561 esse;
691 493 909 568 contentamque
931 490 1045 551 interim
1058 513 1126 552 con·
1170 525 1172 532 ι

172 571 258 630 nubio
272 570 384 646 plebem
399 582 523 646 paratam
538 567 661 628 delectui
676 570 744 629 lore.
784 571 885 634 Quum
900 571 1094 649 Canulejus'
1069 592 1126 631 vro-

170 650 242 710 torid
256 650 292 706 de
306 649 436 707 Patribus
449 661 478 706 et
491 649 581 725 plebis
605 649 728 717 favore
721 669 826 727 rngens
844 661 927 724 esset,
949 670 1064 709 accensi
1056 651 1126 712 alii

169 729 276 788 tribuni
291 729 326 785 ad
342 739 485 786 certamen
500 747 549 804 pro
563 731 707 804 rogatione
729 731 781 788 sud
804 733 914 793 summa
938 730 964 787 ri
978 741 1125 807 pugnant,

148 819 207 878 set,
222 817 370 868 crescente
384 807 413 864 iu
427 807 488 864 dies
502 807 577 865 samri
591 807 667 880 belli,·
688 807 829 866 delectum
844 809 1012 886 impediunt.
1051 810 1127 868 Cou-

132 857 254 958 eules,
282 906 371 963 quum
399 905 448 962 per
469 897 608 958 senatum,
630 887 872 946 intercedentibus
898 889 1028 961 tribunis,
1055 889 1126 948 nihil

171 968 216 1042 agi
230 978 339 1042 posset,
337 965 466 1042 consilia
490 965 649 1042 principum
673 967 749 1024 domi
771 967 921 1025 habebant.
964 968 1127 1044 Apparebat

171 1057 219 1110 aut
234 1046 360 1103 hostibus
374 1035 423 1102 aut
435 1045 545 1103 civibus
556 1045 591 1102 de
606 1045 723 1118 victorii
736 1045 955 1104 concedendum
969 1065 1043 1104 esse.
1075 1048 1138 1105 Su·v

170 1126 188 1182 li
204 1145 238 1182 ex
260 1124 456 1182 consularibus
478 1123 609 1182 Valerius
632 1123 715 1201 atque
739 1123 872 1183 Horatius
895 1143 953 1184 uon
973 1125 1128 1184 intererant

139 1204 305 1274 reconsiliis.
324 1215 328 1230 ‘
347 1202 392 1262 C.·
404 1201 517 1262 Claudii
532 1205 671 1261 sententia
692 1204 823 1262 consules
845 1204 971 1262 armabat
991 1205 1020 1262 in
1041 1205 1128 1264 tribu·

171 1303 239 1352 nos:
280 1283 478 1355 Quintiorum,
504 1281 725 1359 Cincinnatique
744 1296 775 1343 et
795 1283 958 1360 Capitolini,
980 1277 1128 1341 sententiae

171 1363 360 1420 abhorrebant
380 1381 398 1418 a
418 1328 505 1432 caetie,
534 1361 735 1438 violandisque,
756 1383 835 1439 quoe,
858 1362 991 1420 foedere
984 1375 1040 1420 tcto
1060 1381 1127 1420 curn

174 1443 266 1518 plebe,
291 1451 486 1506 sacrosanctos
507 1440 692 1516 accepissent.
739 1441 794 1500 Per
808 1443 870 1508 hac
885 1441 1004 1500 consilia
1027 1439 1061 1498 eri
1081 1441 1129 1498 de·

171 1521 263 1584 ducta
271 1540 316 1577 res
337 1531 388 1591 est,
403 1531 435 1578 ut
445 1515 576 1576 tribunos
601 1519 720 1579 militum
745 1521 886 1580 consulari
907 1531 1056 1598 potestate
1068 1539 1129 1596 pro-

139 1617 161 1655 ιι
170 1599 281 1657 miscue
295 1619 331 1658 ex
346 1567 477 1656 Pa’tribus
490 1617 523 1656 ac
538 1599 628 1675 plebe
633 1601 723 1658 creari
738 1601 882 1678 ciperentr
914 1601 950 1658 de
964 1600 1128 1659 consulibus

170 1679 303 1736 creandis
319 1677 387 1736 nihil
410 1689 589 1736 mutaretur:
614 1698 703 1754 eoque
717 1681 843 1738 contenti
864 1680 979 1751 tribuni,
994 1689 1129 1738 contenta

169 1759 250 1835 plebs
265 1759 325 1816 luit.
367 1757 491 1815 Comitia
504 1745 626 1815 triburiis
639 1759 780 1817 consulari
801 1770 938 1836 potestate
962 1726 1052 1817 tiibus
1070 1775 1129 1823 cre·

170 1839 253 1895 andis
267 1837 448 1916 indicuntur:
477 1829 578 1911 quibus
593 1837 715 1908 indietis,
730 1838 881 1936 extemplo,
894 1838 1064 1914 quicumque
1079 1837 1131 1895 ali·

169 1917 237 1992 quld
253 1915 384 1974 seditiose
399 1907 508 1973 dixerat
523 1926 569 1972 aut
588 1915 702 1987 fecerat,
727 1916 812 2004 quim
837 1919 959 1974 maxime
950 1916 1127 1994 tribunicii,

135 2008 199 2067 acet
211 2015 345 2072 prensare
360 1991 499 2067 homiliae,
523 2006 552 2053 et
570 1996 739 2054 concursare
764 1999 821 2055 toto
836 1996 895 2053 loro
908 1995 1051 2052 candidati
1073 2014 1130 2052 coe·

171 2061 257 2152 pere·
278 2086 309 2140 ut
323 2074 456 2150 patricios
477 2057 635 2150 desperatio
658 2074 760 2150 ριίιιιὸ,
785 2075 892 2132 irritati
913 2075 1005 2151 plebe,
1028 2074 1130 2149 adipis·

171 2096 258 2211 cendi
274 2153 398 2226 honoris,
413 2153 517 2210 deinde
531 2153 735 2248 indignatio,
713 2175 747 2212 sr
751 2173 816 2212 cum
832 2154 877 2212 his
890 2153 1032 2231 gerendus
1055 2163 1130 2210 esset

141 2235 269 2303 .,honos
285 2200 458 2301 deterrdret3
480 2231 620 2324 postremi)
634 2234 725 2292 coacti
740 2243 835 2292 tamen
851 2232 1046 2310 aprimoribus
1059 2231 1129 2308 peti·

169 2315 226 2382 ere,
242 2331 278 2370 ne
293 2311 412 2369 ce'ssisse
426 2313 601 2386 possessione
616 2313 778 2402 reipublrcae
787 2313 957 2376 viderentur
999 2311 1126 2369 Eventus

133 2407 267 2449 aseorum
283 2391 459 2457 comitiorum
474 2391 580 2464 docuii,
602 2385 689 2450 alios
685 2393 794 2450 animos
808 2394 837 2449 in
851 2391 1032 2450 contentione
1045 2390 1129 2458 liber·

169 2471 235 2528 tatis
250 2469 459 2546 dignitatisque,
481 2471 559 2542 alios,
584 2471 741 2530 sectandum
763 2471 890 2547 deposita
907 2471 1071 2540 certamina,
1086 2469 1129 2526 in·

170 2557 302 2640 cprrupto
320 2549 428 2625 judicio
441 2569 522 2620 esse:
553 2550 681 2617 tribunos
705 2550 780 2608 enim
795 2569 894 2608 omnes
905 2543 1043 2626 patricios
1052 2567 1130 2606 crea·

170 2630 210 2687 vit
223 2629 352 2704 populus,
367 2640 518 2686 contentus
532 2649 575 2701 e0,
600 2628 683 2704 qudd
695 2629 766 2688 ratio
790 2629 885 2686 habita
899 2629 1071 2704 plebejorum
1086 2645 1129 2683 εθ-

137 2707 223 2815 ἔθει.
266 2707 352 2764 Hanc
365 2708 529 2765 modestiam
551 2709 770 2783 aequitatemqne
789 2719 818 2766 et
839 2706 1021 2765 altitudinem
1040 2704 1128 2762 animi

137 2767 220 2878 {ubi
235 2783 313 2844 rinno
328 2787 356 2844 in
372 2805 428 2844 uno
443 2787 594 2860 inveneris,
607 2805 670 2862 quae
685 2799 744 2844 tum
758 2787 853 2864 populi
867 2786 990 2848 universi
983 2783 1081 2868 initi

213 2945 281 3006 vlt.
313 2933 417 3002 Anno
414 2944 614 3003 trecentesimo
628 2913 750 3016 decimo,
770 2945 854 3021 quim
872 2943 939 3001 urbs
953 2943 1048 3000 Roma
1061 2961 1129 3011 oon-

137 3057 158 3083 ω
137 2997 232 3082 Ξἰιίιιι
245 3036 315 3090 erat,
329 3024 450 3100 'primum
464 3024 569 3082 tribuni
593 3024 715 3082 militum
737 3043 787 3100 pro
808 3023 971 3087 oonsulibus
985 3022 1129 3098 magistra·

144 3101 246 3242 ιξιιιιιι
248 3103 357 3176 ιιιειιιιι,
379 3103 416 3161 A.
432 3103 616 3184 Sempronius
637 3103 793 3176 Atratinus,
808 3103 849 3162 L
867 3100 978 3174 Atilius,
1005 3101 1042 3160 T
1067 3101 1130 3160 Cra·

138 3181 266 3242 3carus.
588 3217 590 3220 .
