2648 4340
572 769 609 828 Τ.
630 771 731 831 LIVII

491 1019 812 1097 PRAEFATIO.

224 1481 425 1540 Facuuuusus
446 1503 537 1559 opere
560 1485 680 1560 pretium
704 1485 767 1558 sim,
791 1485 815 1544 si
835 1505 853 1542 a
872 1483 1024 1562 primordio
1044 1484 1127 1542 Urbis

182 1596 230 1636 res
252 1579 346 1654 populi
371 1579 494 1637 Rotnani
517 1580 736 1656 perscripserim,
760 1600 816 1638 nec
839 1579 906 1639 setis
929 1581 999 1653 scio,
1019 1598 1082 1650 nec,
1099 1580 1126 1664 ¹si

180 1674 283 1741 sciam,
297 1675 392 1732 dicere
406 1675 512 1744 ausim3
532 1675 634 1752 quippe
648 1676 706 1751 qui,
716 1695 802 1752 quum
813 1687 945 1745 veterem,
959 1691 1019 1734 tum
1033 1676 1128 1751 vulga·

180 1779 240 1825 tam
255 1787 316 1828 esse
330 1789 399 1836 reru,
414 1771 533 1836 videam,
548 1771 614 1828 duur
639 1773 704 1829 novi
725 1791 834 1848 semper
853 1773 1010 1847 scriptores,
1025 1783 1074 1828 aut
1097 1771 1126 1828 in

157 1865 267 1922 srebus
281 1866 384 1922 certius
397 1865 501 1940 aliquid
515 1867 645 1924 allaturos
668 1885 707 1938 se,
721 1878 781 1936 aut,
792 1867 935 1938 scribendi
955 1877 1013 1924 arte
1027 1867 1126 1924 rudem

181 1971 349 2018 vetustatem
372 1973 559 2036 superaturos,
580 1963 709 2020 credunt.
756 1963 916 2038 Utcumque
939 1963 1000 2032 erit,
1018 1962 1126 2038 juvabit

180 2067 287 2125 tamen,
307 2076 398 2114 rerum
419 2068 560 2132 gestarum
575 2058 716 2116 memoriae
729 2057 864 2133 principis
884 2069 1019 2114 terrarum
1039 2077 1127 2141 popu·

181 2151 201 2208 li
225 2172 276 2226 pro
299 2157 367 2208 virili
390 2167 465 2227 parte
479 2164 566 2210 etms
586 2153 676 2228 ipsunt
697 2153 892 2223 cousuluisse3
913 2164 951 2224 et,
960 2153 988 2228 si
1003 2153 1032 2210 iu
1046 2155 1125 2234 tnntd

181 2249 346 2322 scriptorum
362 2248 519 2306 turbines
535 2247 607 2304 sams
622 2249 649 2304 in
663 2249 783 2306 obscuro
793 2249 838 2320 sit,
850 2248 993 2306 nobilitate
1004 2267 1039 2306 ec
1050 2267 1125 2326 mag·

146 2343 310 2404 ronitudine
336 2361 443 2416 eorum,
470 2361 533 2402 meo
555 2345 602 2420 qui
626 2345 731 2402 nomini
752 2345 886 2413 officient,
910 2365 959 2404 une
986 2345 1122 2424 consoler.

179 2440 244 2497 Res
256 2451 299 2497 est
319 2452 452 2516 praeterea
472 2455 502 2510 et
522 2439 650 2530 immensi
668 2441 778 2526 operis,
791 2455 823 2498 ut
841 2460 903 2516 quae
923 2460 1007 2516 supra
1020 2441 1123 2517 septin-

179 2535 367 2612 gentesimum
383 2555 487 2598 currum
505 2530 661 2610 repetatur'3
681 2547 710 2593 et
732 2555 804 2611 ques,
826 2538 861 2592 ab
875 2537 984 2612 exiguis
998 2536 1124 2612 proiecta

179 2631 278 2697 initiis,
302 2630 336 2687 eb
359 2631 485 2701 creverit,
511 2642 541 2688 ut
564 2631 622 2707 jam
646 2631 840 2706 magnitudine
866 2631 973 2690 laboret
998 2632 1066 2688 sub:
1094 2644 1122 2690 ct
1202 2677 1207 2688 .

179 2726 333 2803 legentium
345 2726 493 2802 plerisque,
504 2725 579 2784 haud
593 2725 699 2802 dubito,
711 2727 777 2802 quin
789 2727 885 2802 primae
896 2727 1019 2802 origines
1032 2727 1121 2802 proxi·

145 2845 170 2885 rs
180 2841 280 2897 meque
304 2822 459 2902 originibus
492 2823 586 2879 minua
608 2822 758 2898 praebitura
781 2809 1016 2897 voluptatis'sint,
1048 2821 1122 2878 sesti·

178 2918 312 2976 ncutibus
342 2917 377 2976 cd
406 2919 467 2975 haec
494 2936 574 2984 nove,
599 2917 702 2992 quibus
726 2917 784 2994 jam
814 2917 921 2992 pridem
947 2917 1121 2991 prevalentis

177 3014 273 3090 populi
293 3014 365 3071 vires
385 3033 415 3070 se
436 3012 502 3088 ipsae
520 3011 683 3070 conficiunt.
725 3012 795 3088 Ego,
816 3013 923 3083 contri,
938 3012 991 3069 hoc
1010 3031 1119 3088 quoque

176 3109 280 3166 laboris
293 3109 438 3185 praemium
458 3119 561 3184 petam,
576 3119 607 3166 ut
627 3125 672 3164 me
693 3126 710 3164 a
729 3119 883 3184 conspectu
900 3107 1045 3176 malorum,
1058 3127 1120 3182 quae

177 3217 273 3262 nostra
285 3216 325 3264 tot
338 3223 387 3280 per
401 3211 490 3261 annos
504 3203 572 3262 vidit
595 3215 670 3274 aetas,
684 3203 819 3278 tantisper
841 3202 917 3260 certe*
941 3203 1008 3260 dum
1029 3205 1121 3280 prisca

140 3301 226 3366 scilla
248 3301 306 3358 totai
329 3311 423 3373 mente
447 3310 551 3374 repeto,
572 3310 703 3366 avertam,
717 3297 809 3356 omnis
822 3315 933 3374 ¹expers
953 3318 1037 3367 curae,
1058 3319 1119 3374 quae

175 3397 325 3456 scribentis
351 3397 487 3468 animum,
513 3393 565 3452 etsi
593 3413 649 3451 non
680 3393 793 3452 flectere
824 3412 840 3450 a
869 3413 942 3466 vero,
970 3394 1118 3452 sollicitum

174 3505 271 3552 tamen
295 3493 407 3550 efficere
429 3492 525 3569 possit.
564 3490 640 3554 Quae
661 3501 725 3548 aute
746 3490 886 3548 conditam
907 3490 1119 3548 condendamve

174 3589 292 3657 Urbem,
312 3589 431 3666 poeticis
455 3588 548 3663 ¹magis
575 3588 678 3644 decora
705 3586 815 3657 fabulis,
841 3587 923 3661 quim
952 3586 1119 3660 incorruptis

174 3705 268 3744 rerum
292 3695 432 3764 gestarum
453 3683 651 3754 monumentis,
675 3683 831 3749 traduntur,
852 3702 887 3739 ea
907 3701 961 3738 nec
981 3679 1118 3738 affirmare

139 3803 230 3849 cuneo
244 3781 370 3840 refellere
384 3781 413 3837 in
428 3779 521 3837 animo
532 3790 585 3836 est.
625 3779 715 3836 Datur
730 3780 790 3835 haec
804 3778 886 3836 venia
899 3776 1065 3850 antiquitati,
1077 3789 1116 3845 ut,
