2642 4338
223 345 264 408 m
522 361 524 366 ·
608 343 676 394 un
694 342 777 422 mvn

224 487 268 546 his
280 505 342 564 quro
355 497 419 546 aeta
430 486 532 549 aomae
546 487 702 562 audierant,
716 451 878 564 pelturbati‚
892 485 964 546 aliut
973 486 1003 546 in
1017 485 1099 549 aliam
1112 505 1175 565 par·
1243 553 1250 570 Ι

223 578 280 626 tem
305 565 469 640 oastror'um,
491 567 526 624 arl
540 567 679 626 sedandos
701 577 791 624 motus
812 566 1001 642 discurr'untt
1023 577 1052 624 et
1071 565 1174 626 leuiter

223 646 372 722 agentibus
386 665 549 725 responsum
562 665 619 704 uon
634 641 775 704 redditur:
806 645 954 720 imperium
979 645 1002 702 si
1025 646 1087 722 quis
1101 646 1175 704 inhi-

223 723 351 792 beret,'“
358 736 387 784 et
407 726 480 784 viros
502 735 531 783 et
554 738 674 783 armatos
697 744 727 782 se
748 723 841 792 esse,'’
864 725 1055 800 respondetur.
1096 723 1176 783 Eunt

223 805 336 880 agmine
350 804 385 862 ad
399 805 505 862 Urbem
528 815 557 862 et
580 804 754 862 Aventinum
778 803 920 874 insidunt;
954 815 984 862 ut
998 801 1211 879 qumquem-⁵

157 953 159 960 Ι
223 885 358 952 currerat,
384 884 494 960 plebem
522 883 556 941 ad
585 885 766 959 repetendam
794 883 951 942 libertatem
982 884 1175 958 creandosque

223 961 453 1039 tribunosplebis
466 963 665 1020 adhortantes:
697 962 751 1020 alia
770 981 823 1020 vox
845 961 922 1020 nulla
945 961 1066 1020 violenta
1079 963 1176 1020 audita

222 1052 273 1098 est.
316 1043 452 1100 Senatum
468 1043 516 1118 Sp.
531 1041 641 1118 Oppius
656 1041 758 1110 habet:
790 1041 859 1098 nihil
883 1041 976 1118 placet
996 1041 1095 1116 aspere
1109 1042 1174 1118 agi3

222 1120 325 1196 quippe
352 1121 388 1178 ab
407 1121 475 1196 ipsis
496 1122 592 1192 datum
613 1121 707 1180 locum
727 1120 872 1179 seditionis
897 1139 968 1178 esse.
1023 1119 1176 1190 Mittuntur

225 1207 283 1256 tres
296 1199 381 1278 legati
395 1199 565 1270 consulares,
581 1201 630 1276 Sp.
645 1200 796 1276 Tarpeju's,
809 1199 844 1256 C.
858 1199 960 1267 Julius,
970 1198 1007 1270 ¹P.
1023 1199 1175 1276 Sulpicius,
1188 1208 1211 1247 1⁰

221 1279 271 1351 qui
284 1291 442 1356 quaererent
455 1280 567 1336 senatus
580 1279 687 1352 verbis,
703 1283 721 1314 ⁴‘
733 1280 815 1356 oujus
834 1278 915 1355 jussu
935 1289 1027 1336 eastra
1040 1279 1178 1336 deseruis-

222 1359 338 1416 “senti
360 1369 408 1416 aut
420 1358 487 1434 quid
501 1359 554 1438 sibi
567 1359 690 1429 uellent,
714 1358 762 1434 qui
787 1357 886 1416 armati
911 1357 1084 1426 Aventinum
1098 1358 1178 1420 obse·

162 1442 164 1446 ’
221 1439 241 1472 “
251 1438 374 1507 dissent3
397 1437 524 1512 belloque
538 1457 635 1498 avemo
648 1438 685 1496 ab
699 1437 835 1510 hostibus,
858 1436 974 1512 patriam
993 1431 1072 1494 suam
1087 1437 1179 1516 oepis·

223 1517 379 1580 “senti''‚
416 1515 484 1574 Non
511 1516 610 1584 deluit,
637 1517 704 1592 quid
730 1516 962 1592 responderetur:
996 1516 1102 1584 deerat,
1128 1514 1177 1590 qui

126 1653 128 1661 Α
222 1595 302 1654 daret
315 1615 490 1672 responsum,
514 1595 592 1654 nullo
614 1596 681 1654 dum
697 1605 774 1672 certo
795 1595 880 1668 duee,
901 1614 956 1652 neo
970 1594 1037 1652 satis
1051 1594 1211 1654 audenti-1⁵

222 1675 275 1732 bus
289 1671 407 1751 singulis
421 1674 533 1736 invidie
548 1694 583 1745 se,
590 1675 700 1732 offerre.
741 1673 775 1731 Id
790 1673 872 1746 modi>
887 1673 1096 1748 amultitudine
1111 1693 1179 1732 oon·

222 1743 374 1812 olamatuni
388 1765 441 1830 est,
465 1757 525 1812 “ut
538 1753 571 1811 L.
588 1753 732 1827 Valerium
754 1765 783 1811 et
798 1753 843 1811 M,
853 1752 1003 1815 Horatium
1021 1753 1056 1810 ad
1070 1772 1101 1811 se
1114 1753 1179 1812 mit·

222 1835 240 1883 i'
249 1844 361 1892 terent:
383 1833 427 1893 his
440 1853 471 1890 se
485 1833 599 1892 daturos
613 1834 805 1910 responsum·”

261 1991 311 2050 LI.
343 1991 474 2050 Dimissis
487 1991 595 2068 legatis,
621 1992 754 2050 admonet
777 1990 880 2050 milites
894 1990 1051 2067 Virginius,
1075 1991 1132 2048 “iu
1147 2010 1179 2050 re

222 2073 240 2108 “
250 2089 307 2130 non
323 2069 540 2147 maximzi'paulo
554 2070 620 2128 ante
639 2071 808 2148 trepidatum
832 2090 904 2138 esse,
929 2069 996 2146 quia
1009 2069 1070 2128 sine
1084 2069 1212 2146 capitem

222 2151 400 2208 “multitudo
414 2151 514 2208 luerit:
535 2163 765 2226 responsumque,
779 2167 948 2226 quamquam
962 2169 1018 2208 non
1033 2149 1178 2222 inutiliter,

168 2247 170 2250 ·
222 2229 363 2288 “fortuito
386 2241 481 2288 tamen
503 2230 592 2306 magis
618 2249 769 2302 eumenen,
796 2229 880 2304 quim
901 2229 1045 2288 oommuni
1060 2229 1179 2290 oonsilio

222 2314 320 2366 “esse.
341 2344 345 2352 ·
362 2308 478 2368 Placere
500 2309 600 2366 decem
621 2307 720 2380 creari,
741 2308 790 2384 qui
814 2326 931 2366 summae
954 2307 994 2365 rei
1014 2319 1177 2384 preessent,

222 2391 240 2446 ‘i
250 2387 418 2462 militarique
442 2388 548 2444 honore
574 2387 701 2445 tribunos
721 2387 841 2444 militum
862 2386 1024 2463 appellari.”
1076 2387 1177 2450 Quum

222 2467 259 2526 ad
287 2486 353 2524 eum
373 2465 465 2542 ipsum
492 2466 612 2540 primum
630 2466 658 2529 is
677 2467 767 2524 honos
787 2466 952 2539 deferretur,
980 2470 998 2501 “
1011 2465 1210 2525 Melioribusrt

222 2553 241 2584 “
252 2546 322 2604 mois
336 2545 488 2620 vestrisque
503 2545 588 2602 rebus
610 2545 780 2613 reservate,”
794 2545 927 2621 inquit,1“
939 2545 992 2604 ista
1011 2546 1047 2603 de
1068 2565 1113 2604 me
1134 2546 1179 2622 ju·

223 2625 349 2706 “diuiq„
375 2624 440 2684 Neo
468 2624 535 2682 mihi
562 2623 620 2682 filia
646 2623 739 2682 inulta·
757 2625 891 2683 honorem
913 2624 1000 2683 ullum
1018 2609 1177 2702 jucundum

223 2714 315 2762 “esse
341 2704 464 2780 patitur3
498 2722 553 2760 neo
572 2703 602 2760 in
621 2703 783 2780 perturbati
810 2703 955 2780 republioi
977 2723 1026 2762 eos
1046 2703 1114 2762 utile
1134 2716 1178 2762 est

223 2796 370 2862 “praeesae
397 2783 484 2848 vobis,
505 2782 553 2858 qui
580 2782 699 2859 proximi
719 2782 831 2840 invidiae
857 2783 921 2841 sint.
976 2783 1007 2842 Si
1027 2783 1091 2860 quis
1110 2798 1178 2842 usus
1228 2834 1230 2837 .

222 2863 306 2921 “mei
333 2873 386 2935 est,
412 2861 501 2920 nihilo
527 2861 618 2920 minor
638 2881 674 2920 ex
697 2861 804 2938 privato
817 2861 971 2947 capietur.”
1012 2862 1057 2921 Ita
1076 2864 1210 2922 decemo

222 2961 341 3000 numero
355 2942 482 3000 tribunos
495 2942 629 3000 militares
643 2952 750 3000 creant.
790 2939 892 3017 Neque
906 2942 935 2999 in
948 2941 1062 3002 Sabinis
1072 2942 1177 3018 quierit

221 3021 382 3080 exereitus:
395 3021 441 3090 tbi
456 3040 574 3096 quoque,
589 3019 800 3080 auotoreloilio
812 3020 1039 3100 Numitorioque,
1053 3021 1177 3080 secessio

222 3091 259 3156 ab
272 3100 441 3160 decemviris
455 3100 529 3158 laeta
542 3110 594 3174 est,
608 3119 665 3158 nou
687 3099 795 3158 minore
818 3111 896 3158 motu
915 3100 1072 3160 animorum
1088 3100 1177 3160 Siooii

197 3172 204 3188 '
222 3177 458 3246 oedomemorit
471 3177 709 3254 revocath,'qulm
732 3198 816 3255 quem
840 3199 912 3238 nora
931 3179 1005 3238 lama
1017 3181 1053 3236 de
1067 3179 1177 3256 virgine

222 3256 293 3314 adeo
308 3257 380 3315 soede
395 3259 430 3316 ad
454 3257 604 3316 libidinem
624 3258 712 3336 petita
733 3259 929 3320 aooenderat„
952 3257 1051 3318 lollius
1064 3257 1113 3314 ubi
1127 3267 1210 3316 ιιι-35
1301 3293 1302 3317 i

132 3404 139 3416 Ι
224 3335 305 3402 divit,
320 3337 448 3396 tribunos
461 3337 581 3396 militum
595 3338 624 3396 in
639 3337 783 3418 Auentino
805 3350 923 3407 creatos,
947 3357 984 3396 ue
997 3336 1175 3397 uomitiorum

165 3435 166 3441 ¹
221 3413 386 3472 militarium
399 3417 609 3493 prerogativam
623 3417 731 3476 urbana
744 3417 860 3478 oomitia
872 3417 972 3476 iisdem
985 3415 1105 3474 tribunis
1118 3417 1177 3494 ple-

139 3493 141 3502 ’
224 3491 268 3555 bia
280 3493 411 3551 creandis
424 3507 614 3570 sequerentur,
629 3485 735 3570 peritus
758 3515 852 3554 rerum
875 3494 1060 3572 popularium,
1084 3495 1176 3555 immi·
1198 3514 1203 3522 ·
1298 3549 1299 3558 ,

91 3641 94 3648 Ι
170 3639 172 3644 ,
223 3591 350 3648 nonoque
364 3572 391 3630 ei
404 3574 543 3654 potestati,
564 3574 665 3649 etipse
688 3571 773 3649 priris,
797 3573 882 3650 quim
896 3574 982 3632 iretur
1002 3573 1038 3632 ad
1058 3574 1174 3645 Urbem,

224 3653 286 3728 pari
300 3663 437 3728 potestate
449 3653 587 3719 eumdem,
604 3670 753 3712 numerum
774 3653 810 3711 ab
830 3651 888 3711 suis
909 3654 1064 3713 creandum
1085 3672 1207 3714 curato

225 3729 312 3790 Portti
325 3731 436 3790 collino
459 3731 564 3790 Urbem
585 3730 723 3790 intravere
744 3733 798 3790 sub
820 3731 919 3810 signis,
941 3733 1088 3811 mediique
1106 3735 1175 3792 urbe

208 3811 340 3887 ,gauloe
346 3809 391 3887 ju„
405 3812 579 3872 Auentinum
594 3813 734 3889 pergunt:
767 3811 817 3884 tbi,
838 3812 985 3892 oonjuuoti
999 3814 1078 3874 alteri
1098 3831 1175 3872 exer·
